



@Book{CLRS2001,
  year =	 2001,
  title =	 "Introduction to Algorithms",
  address =	 "Cambridge, MA",
  edition =	 "2nd",
  publisher =	 "MIT Press",
  author =	 "T. H. Cormen and C. E. Leiserson and R. L. Rivest  and C. Stein",
}


@Book{CLR92,
  author =       "T.~H. Cormen and C.~E. Leiserson and R.~L. Rivest",
  edition =      "6th",
  publisher =    "MIT Press and McGraw-Hill Book Company",
  title =        "Introduction to algorithms",
  year =         "1992",
}


@Book{AHU74,
  author =       "A. V. Aho and J. E. Hopcroft and  J. D. Ullman",
  title =        "The Design and Analysis of Computer Algorithms",
  publisher =    "Addison-Wesley",
  address =      "Reading",
  year =         "1974",
}

@Book{BoSha66,
  author =       "Z. I. Borevich and I. R. Shafarevic",
  title =        "Number Theory",
  publisher =    "Academic Press",
  year =         "1966",
}


@Book{cassels97,
  author =	 {J. W. S. Cassels},
  title = 	 {An introduction to the geometry of numbers},
  publisher = 	 {Springer},
  year = 	 1997,
  series =	 {Classics in Mathematics}
}


@Book{Ziegler98,
  author =	 {G. M. Ziegler},
  title = 	 {Lectures on Polytopes},
  publisher = 	 {Springer},
  year = 	 1998,
  number =	 152,
  series =	 {Graduate Texts in Mathematics },
  edition =	 {Revised edition}
}


@BOOK{NivenZuckermanMontgomery91,
AUTHOR        = {Niven, Ivan and Zuckerman, Herbert S. and Montgomery, Hugh L.},
TITLE         = {An Introduction to the Theory of Numbers, fifth edition},
PUBLISHER     = {Wiley},
YEAR          = 1991
}


@Book{Knuth69,
  author =	 {D.E. Knuth},
  title = 	 {The art of computer programming},
  publisher = 	 {Addison-Wesley},
  year = 	 1969,
  volume =	 2
}

@Book{Lang93,
  author =	 {S. Lang},
  title = 	 {Algebra},
  publisher = 	 {Addison Welsley},
  year = 	 1993,
  edition =	 3
}



@Book{Diestel97,
  author =	 {R. Diestel},
  title = 	 {Graph Theory},
  publisher = 	 {Springer-Verlag},
  year = 	 1997,
  volume =	 173,
  series =	 {Graduate Texts in Mathematics},
  annote =	 {.pdf file: Diestel97.pdf.gz}
}


@Book{Buchmann99,
  author =	 {J. Buchmann},
  title = 	 {Einf{\"u}hrung in die Kryptographie},
  publisher = 	 {Springer-Verlag},
  year = 	 1999,
  annote =	 {.ps file: Buchmann99.ps.gz }
}

@Book{Buchmann00,
  author =	 {J. Buchmann},
  title = 	 {Algorithms for binary quadratic forms},
  publisher = 	 {Springer-Verlag},
  year = 	 2000,
  note =         {to appear},
  annote =	 {.ps file: Buchmann99.ps.gz }
}




@Book{SO85,
  author =	 {W. Scharlau and H. Opolka},
  title = 	 {From {F}ermat to {M}inkowski},
  publisher = 	 {Springer Verlag},
  year = 	 1985,
  note =	 {Lectures on the theory of numbers and its historical development}
}

@Book{Lang71,
  author =	 {S. Lang},
  title = 	 {Linear Algebra},
  publisher = 	 {Addison-Wesley},
  year = 	 1971
}






@Book{Koblitz94,
  author =	 {N. Koblitz},
  title = 	 {A Course in Number Theory and Cryptography},
  publisher = 	 {Springer-Verlag},
  year = 	 1994,
  series =	 {Graduate Texts in Mathematics},
  edition =	 2
}

@Book{GathenGerhard99,
  author =	 {J. {von zur Gathen} and J. Gerhard},
  title = 	 {Modern Computer Algebra},
  publisher = 	 {Cambridge University Press},
  year = 	 1999
}

@Book{Khintchine63,
  author =	 {A. Ya. Khintchine},
  title = 	 {Continued Fractions},
  publisher = 	 {Noordhoff, Groningen},
  year = 	 1963,
  annote = {in xeroxed form}
}



@Book{BertsimasTsitsiklis97,
  author =	 {Bertsimas, D and Tsitsiklis, J.N.},
  title = 	 {Introduction to Linear Optimization},
  publisher = 	 {Athena Scientific},
  year = 	 1997
}

@BOOK{NemhauserWolsey88,
  AUTHOR =	 {G. L. Nemhauser and L. A. Wolsey},
  PUBLISHER =	 WI,
  TITLE =	 {Integer and Combinatorial Optimization},
  YEAR =	 {1988}
}

@book {AMO93,
    AUTHOR = {Ahuja, R.~K. and Magnanti, T.~L. and Orlin, J.~B.},
     TITLE = {Network flows},
      NOTE = {Theory, algorithms, and applications},
 PUBLISHER = {Prentice Hall Inc.},
   ADDRESS = {Englewood Cliffs, NJ},
      YEAR = {1993},
     PAGES = {xvi+846},
      ISBN = {0-13-617549-X},
   MRCLASS = {90B10 (90-01 90-02 90C35)},
  MRNUMBER = {94e:90035},
MRREVIEWER = {Jacques A. Ferland},
}



@book {MR2002h:68001,
    AUTHOR = {Vazirani, V.~V.},
     TITLE = {Approximation algorithms},
 PUBLISHER = {Springer-Verlag},
   ADDRESS = {Berlin},
      YEAR = {2001},
     PAGES = {xx+378},
      ISBN = {3-540-65367-8},
   MRCLASS = {68-02 (68Q17 68Q25 68W25 90Cxx)},
  MRNUMBER = {2002h:68001},
MRREVIEWER = {Mark R. Jerrum},
}


@book {MR1897297,
    AUTHOR = {Korte, Bernhard and Vygen, Jens},
     TITLE = {Combinatorial optimization},
    SERIES = {Algorithms and Combinatorics},
    VOLUME = {21},
   EDITION = {Second},
      NOTE = {Theory and algorithms},
 PUBLISHER = {Springer-Verlag},
   ADDRESS = {Berlin},
      YEAR = {2002},
     PAGES = {xiv+530},
      ISBN = {3-540-43154-3},
   MRCLASS = {90-01 (05-01 90C27 90C35)},
  MRNUMBER = {1 897 297},
}

@book {MR80a:05120,
    AUTHOR = {Bollob{\'a}s, B{\'e}la},
     TITLE = {Extremal graph theory},
    SERIES = {London Mathematical Society Monographs},
    VOLUME = {11},
 PUBLISHER = {Academic Press Inc. [Harcourt Brace Jovanovich Publishers]},
   ADDRESS = {London},
      YEAR = {1978},
     PAGES = {xx+488},
      ISBN = {0-12-111750-2},
   MRCLASS = {05C35 (05-02)},
  MRNUMBER = {80a:05120},
MRREVIEWER = {Michael O. Albertson},
}

@book {MR2001b:68042,
    AUTHOR = {Downey, R. G. and Fellows, M. R.},
     TITLE = {Parameterized complexity},
    SERIES = {Monographs in Computer Science},
 PUBLISHER = {Springer-Verlag},
   ADDRESS = {New York},
      YEAR = {1999},
     PAGES = {xvi+533},
      ISBN = {0-387-94883-X},
   MRCLASS = {68Q15 (68-02 68R10)},
  MRNUMBER = {2001b:68042},
MRREVIEWER = {William Gasarch},
}



@book {MR1940576,
    AUTHOR = {Barvinok, Alexander},
     TITLE = {A course in convexity},
    SERIES = {Graduate Studies in Mathematics},
    VOLUME = {54},
 PUBLISHER = {American Mathematical Society},
   ADDRESS = {Providence, RI},
      YEAR = {2002},
     PAGES = {x+366},
      ISBN = {0-8218-2968-8},
   MRCLASS = {52-02 (49N15 90-02 90C05 90C22 90C25)},
  MRNUMBER = {1 940 576},
}


@book {MR2001h:68038,
    AUTHOR = {Wegener, Ingo},
     TITLE = {Branching programs and binary decision diagrams},
    SERIES = {SIAM Monographs on Discrete Mathematics and Applications},
      NOTE = {Theory and applications},
 PUBLISHER = {Society for Industrial and Applied Mathematics (SIAM)},
   ADDRESS = {Philadelphia, PA},
      YEAR = {2000},
     PAGES = {x+408},
      ISBN = {0-89871-458-3},
   MRCLASS = {68Q05 (68-02 68Q25)},
  MRNUMBER = {2001h:68038},
MRREVIEWER = {Christoph Meinel},
}




@Book{MU2005,
  author =	 {M. Mitzenmacher and E. Upfal},
  title = 	 {Probability and Computing},
  publisher = 	 {Cambridge University Press},
  year = 	 2005
}



@book {MR0439106,
  AUTHOR =	 {Lawler, Eugene L.},
  TITLE =	 {Combinatorial optimization: networks and matroids},
  PUBLISHER =	 {Holt},
  ADDRESS =	 {Rinehart and Winston, New York},
  YEAR =	 1976,
  PAGES =	 {x+374},
  MRCLASS =	 {90B10 (90-01)},
  MRNUMBER =	 {MR0439106 (55 \#12005)},
  MRREVIEWER =	 {Chul E. Kim},
}





@book {MR1940576,
  AUTHOR =	 {Barvinok, Alexander},
  TITLE =	 {A course in convexity},
  SERIES =	 {Graduate Studies in Mathematics},
  VOLUME =	 {54},
  PUBLISHER =	 {American Mathematical Society},
  ADDRESS =	 {Providence, RI},
  YEAR =	 {2002},
  PAGES =	 {x+366},
  ISBN =	 {0-8218-2968-8},
  MRCLASS =	 {52-02 (49N15 52-01 90-02 90C05 90C22 90C25)},
  MRNUMBER =	 {MR1940576 (2003j:52001)},
  MRREVIEWER =	 {P. McMullen},
}



@Book{GareyJohnson79,
  author =	 "M.~R.~Garey and D.~S.~Johnson",
  publisher =	 "Freeman, San Francisco",
  title =	 "Computers and Intractability",
  year =	 1979,
}



@book {MR1083765,
  AUTHOR =	 {Niven, Ivan and Zuckerman, Herbert S. and
                  Montgomery, Hugh L.},
  TITLE =	 {An introduction to the theory of numbers},
  EDITION =	 {Fifth},
  PUBLISHER =	 {John Wiley \& Sons Inc.},
  ADDRESS =	 {New York},
  YEAR =	 {1991},
  PAGES =	 {xiv+529},
  ISBN =	 {0-471-62546-9},
  MRCLASS =	 {11-01},
  MRNUMBER =	 {MR1083765 (91i:11001)},
}



@book {MR2061575,
    AUTHOR = {Boyd, Stephen and Vandenberghe, Lieven},
     TITLE = {Convex optimization},
 PUBLISHER = {Cambridge University Press},
   ADDRESS = {Cambridge},
      YEAR = {2004},
     PAGES = {xiv+716},
      ISBN = {0-521-83378-7},
   MRCLASS = {90-01 (90C05 90C25 90C46 90C51)},
  MRNUMBER = {MR2061575 (2005d:90002)},
MRREVIEWER = {Dan Butnariu},
}


@book{1214763,
 author = {Matou{\v s}ek,, Jir\'{\i} and G\"{a}rtner,, Bernd},
 title = {Understanding and Using Linear Programming (Universitext)},
 year = {2006},
 isbn = {3540306978},
 publisher = {Springer-Verlag New York, Inc.},
 address = {Secaucus, NJ, USA},
 }


@Book{MarsdenHoffman93,
  author =	 {Jerold E. Marsden and Michael J. Hoffman},
  title = 	 {Elementary Classical Analysis},
  publisher = 	 {Freeman},
  year = 	 1993,
  edition =	 2
}

@book{Federer,
   title = {Geometric Measure Theory},
   author = {Federer, H.},
   year = {1969},
   publisher = {Springer},
}

@book {MR1885388,
    AUTHOR = {Alon, Noga and Spencer, Joel H.},
     TITLE = {The probabilistic method},
    SERIES = {Wiley-Interscience Series in Discrete Mathematics and
              Optimization},
   EDITION = {Second},
      NOTE = {With an appendix on the life and work of Paul Erd{\H{o}}s},
 PUBLISHER = {Wiley-Interscience [John Wiley \& Sons]},
   ADDRESS = {New York},
      YEAR = {2000},
     PAGES = {xviii+301},
      ISBN = {0-471-37046-0},
   MRCLASS = {60-02 (05C80 60C05 60F99 60G42)},
  MRNUMBER = {1885388 (2003f:60003)},
MRREVIEWER = {Bert Fristedt},
       DOI = {10.1002/0471722154},
       URL = {http://dx.doi.org/10.1002/0471722154},
}




@Book{WB05,
  author =	 {Dimitris Bertsimas and Robert Weismantel},
  title = 	 {Optimization Over Integers},
  publisher = 	 {Dynamic Ideas},
  year = 	 2005
}



@book{dantzig1965linear,
  title={Linear programming and extensions},
  author={Dantzig, George Bernard},
  year={1965},
  publisher={Princeton university press}
}



@book {MR3098452,
    AUTHOR = {B{\"u}rgisser, Peter and Cucker, Felipe},
     TITLE = {Condition},
    SERIES = {Grundlehren der Mathematischen Wissenschaften [Fundamental
              Principles of Mathematical Sciences]},
    VOLUME = {349},
      NOTE = {The geometry of numerical algorithms},
 PUBLISHER = {Springer, Heidelberg},
      YEAR = {2013},
     PAGES = {xxxii+554},
      ISBN = {978-3-642-38895-8; 978-3-642-38896-5},
   MRCLASS = {65-02},
  MRNUMBER = {3098452},
       DOI = {10.1007/978-3-642-38896-5},
       URL = {http://dx.doi.org/10.1007/978-3-642-38896-5},
}



@book{matouvsek1999geometric,
  title={Geometric discrepancy: An illustrated guide},
  author={Matou{\v{s}}ek, Ji{\v{r}}{\'\i}},
  volume={18},
  year={1999},
  publisher={Springer}
}

@book{chazelle2000discrepancy,
  title={The discrepancy method: randomness and complexity},
  author={Chazelle, Bernard},
  year={2000},
  publisher={Cambridge University Press}
}

