@STRING{crelle = "Journal für die reine und angewandte Mathematik"}
@STRING{dcg = "Discrete \& Computational Geometry"}
@STRING{lnm = "Lecture Notes in Mathematics"}
@STRING{adm = "Annals of Discrete Mathematics"}
@STRING{ai = "Artificial Intelligence"}
@STRING{algo = "Algorithmica"}
@STRING{amai = "Annals of Mathematics and Artificial Intelligence"}
@STRING{aor = "Annals of Operations Research"}
@STRING{aml = "Arch. Math. Logic"}
@STRING{aaecc = "Applicable Algebra in Engineering, Communication and Computing"}
@STRING{apal = "Ann. Pure Appl. Logic"}
@STRING{cacm = "Communications of the Association for Computing Machinery"}
@STRING{ci = "Computational Intelligence"}
@STRING{coa = "Computer Optimization and Applications"}
@STRING{comb = "Combinatorica"}
@STRING{dam = "Discrete Applied Mathematics"}
@STRING{dm = "Discrete Mathematics"}
@STRING{dma = "Discete Math. Appl."}
@STRING{dss = "Decision Support Systems"}
@STRING{ejor = "Europ. J. Oper. Res."}
@STRING{ic = "Information and Computation"}
@STRING{ijfocs = " Int. J. Found. Comp. Science"}
@STRING{ipl = "Information Processing Letters"}
@STRING{is = "Information Sciences"}
@STRING{jacm = "Journal of the Association for Computing Machinery"}
@STRING{jal = "Journal of Algorithms"}
@STRING{jar = "Journal of Automated Reasoning"}
@STRING{jcth = "Journal of Combinatorial Theory"}
@STRING{jctha = "Journal of Combinatorial TheorySer. A"}
@STRING{jcthb = "Journal of Combinatorial Theory Ser. B"}
@STRING{jcss = "Journal of Computer and System Sciences"}
@STRING{jlc = "Journal of Logic Computation"}
@STRING{jheu = "Journal of Heuristics"}
@STRING{jlp = "Journal of Logic Programming"}
@STRING{jors = "Journal of the Operational Research Society"}
@STRING{jota = "Journal of Optimization Theory and Applications"}
@STRING{jsc = "Journal of Symbolic Computation"}
@STRING{jsl = "Journal of Symbolic Logic"}
@STRING{laa = "Linear Algebra and its Applications"}
@STRING{lma = "Linear and Multilinear Algebra"}
@STRING{mp = "Mathematical Programming"}
@STRING{mor = "Mathematics of Operations Research"}
@STRING{ngc = "New Generation Computing"}
@STRING{msc = "Management Science"}
@STRING{ndjfl = "Notre Dame Journal of Formal Logic"}
@STRING{or = "Operations Research"}
@STRING{orl = "Operations Research Letters"}
@STRING{orsjc = "ORSA Journal on Computing"}
@STRING{tcs = "Theoretical Computer Science"}
@STRING{toplas = "ACM Transactions on Programming Languages and Systems"}
@STRING{zml = "Zeitschr. f. math. Logik und Grundlagen d. Math."}
@STRING{bullacpol = "Bulletin de l'Academie Polonaise des Sciences-Serie des Sciences Math., Astr. et Phys."}
@STRING{siam-comp = "SIAM Journal on Computing"}
@STRING{siam-opt = "SIAM Journal on Optimization"}
@STRING{SV = "Springer"}
@STRING{NH = "North Holland"}
@STRING{EL = "Elsevier"}
@STRING{AP = "Academic Press"}
@STRING{AW = "Addison Wesley"}
@STRING{MGH = "McGraw-Hill"}
@STRING{MIT = "MIT Press"}
@STRING{PH = "Prentice Hall"}
@STRING{WI = "John Wiley"}
@STRING{cdldo = "Christian Doppler Laboratorium, TU Graz"}
@STRING{cmuor = "GSIA, Carnegie Mellon University"}
@STRING{dfki = "Deutsches Forschungszentrum für Künstliche Intelligenz"}
@STRING{gatech = "Georgia Institute of Technology"}
@STRING{gia = "G.I.A., Faculté de Luminy, Univ. Aix-Marseille {II}"}
@STRING{mpii = "Max-Planck-Institut für Informatik, Saarbrücken"}
@STRING{unika = "Fakultät für Informatik, Univ. Karlsruhe"}
@STRING{unikl = "Univ. Kaiserslautern"}
@STRING{unina = "Univ. Nancy"}
@STRING{zib = "Konrad-Zuse-Zentrum für Informationstechnik, Berlin"}





@InProceedings{EHNSVW10,
  author = 	 {Friedrich Eisenbrand and  Nicolai Hähnle and  Martin Niemeier and Martin Skutella and José Verschae and Andreas Wiese},
  title = 	 {Scheduling periodic tasks in a hard real-time environment},
  booktitle = 	 {Proceedings of the  37th International
               Colloquium on Automata, Languages and Programming, ICALP 10},
  pages = 	 {299-311},
  year =	 2010,
  series = 	 {Lecture Notes in Computer Science},
  publisher = {Springer},

}



@InProceedings{EHPS10,
  author = 	 {Friedrich Eisenbrand and Nicolai Hähnle and Dömötör Pálvölgyi and Gennady Shmonin },
  title = 	 {Testing additive integrality gaps},
  booktitle = 	 {ACM-SIAM Symposium on Discrete Algorithms {(SODA 10)}},
  OPTcrossref =  {},
  OPTkey = 	 {},
  pages = 	 {1029-1034},
  year = 	 {2010},
  OPTeditor = 	 {},
  OPTvolume = 	 {},
  OPTnumber = 	 {},
  OPTseries = 	 {},
  OPTaddress = 	 {},
  OPTmonth = 	 {},
  OPTorganization = {},
  OPTpublisher = {},
    OPTannote = 	 {}
}












@Article{EHPS12,
    author = 	 {Friedrich Eisenbrand and Nicolai Hähnle and Dömötör Pálvölgyi and Gennady Shmonin },
  title = 	 {Testing additive integrality gaps},
  journal = 	 {Mathematical Programming},
  year = 	 2013,
  volume =	 141,
  number =	 {1-2},
  pages =	 {257-271}
}

@InProceedings{ER10,
  author = 	 {Friedrich Eisenbrand and Thomas Rothvoß},
  title = 	 {{EDF}-schedulability of syncronous periodic task systems is {NP}-hard},
  booktitle = 	 {ACM-SIAM Symposium on Discrete Algorithms (SODA 10)},
 pages = 	 {1227-1234},
  year = 	 2010
}

@InProceedings{ERH09,
  author = 	 {Friedrich Eisenbrand and Nicolai Hähnle and Thomas Rothvoss},
  title = 	 {Diameter of Polyhedra: {L}imits of Abstraction},
  booktitle = 	 {Proceedings of the 25th Annual Symposium on Computational Geometry, (SoCG 09)},
  OPTcrossref =  {},
  OPTkey = 	 {},
  pages = 	 {386-392},
  year = 	 {2009},
  OPTeditor = 	 {},
  OPTvolume = 	 {},
  OPTnumber = 	 {},
  OPTseries = 	 {},
  OPTaddress = 	 {},
  OPTmonth = 	 {},
  OPTorganization = {},
  OPTpublisher = {},
  OPTannote = 	 {}
}

@InProceedings{EisenRoth08b,
  author = 	 {Friedrich Eisenbrand and Thomas Rothvoß},
  title = 	 {Static-priority Real-time Scheduling: Response Time    Computation is {NP}-hard},
  booktitle = 	 {Proceedings of the  29th IEEE Real-Time Systems Symposium, (RTSS 08)},
  pages =	 {397 - 406},
  year =	 2008
}

@inproceedings{EisenRoth08,
  author    = {Friedrich Eisenbrand and
               Thomas Rothvoß},
  title     = {A PTAS for Static Priority Real-Time Scheduling with Resource
               Augmentation},
  booktitle = {Proceedings of the  35th International
               Colloquium on Automata, Languages and Programming, (ICALP 08)},
  year      = {2008},
  pages     = {246-257},
  ee        = {http://dx.doi.org/10.1007/978-3-540-70575-8_21},
  bibsource = {DBLP, http://dblp.uni-trier.de}
}

@inproceedings{EKX07,
  author    = {Friedrich Eisenbrand and
               Andreas Karrenbauer and
               Chihao Xu},
  title     = {Algorithms for Longer OLED Lifetime},
  booktitle = {6th International Workshop on Experimental Algorithms, (WEA 07)},
  year      = {2007},
  pages     = {338-351},
  ee        = {http://dx.doi.org/10.1007/978-3-540-72845-0_26},
  bibsource = {DBLP, http://dblp.uni-trier.de}
}





@Misc{XWEKSH06,
  OPTkey = 	 {},
  OPTauthor = 	 {Chihao Xu and Jürgen Wahl and Friedrich Eisenbrand and Andreas Karrenbauer and Kian~Min Soh and Christoph Hitzelsberger},
  title = 	 {Verfahren zur {A}nsteuerung von {M}atrixanzeigen},
  OPTowpublished = {},
  OPTmonth = 	 {},
  year = 	 {2006},
  note = 	 {Deutsches Patent und Markenamt, Patent filed, Nr. 10 2005 063 159.2},
  OPTannote = 	 {}
}



@inproceedings{EisenGrandRothSch08,
  author    = {Friedrich Eisenbrand and
               Fabrizio Grandoni and
               Thomas Rothvoß and
               Guido Schäfer},
  title     = {Approximating connected facility location problems via random
               facility sampling and core detouring},
  booktitle = {Proceedings of the twentyfith annual ACM-SIAM symposium on Discrete algorithms, (SODA 08)},
  year      = {2008},
  pages     = {1174-1183},

}


@InProceedings{BE07,
    author      = {Behle, Markus and Eisenbrand, Friedrich},
   booktitle   = {Proceedings of the 9th {W}orkshop on {A}lgorithm
                 {E}ngineering and {E}xperiments, (ALENEX 07)},
   location    = {New Orleans, LA, United States},
   pages       = {158 -- 165},
   title       = {0/1 {v}ertex and facet enumeration with {BDD}s},
   year        = 2007
}




@comment{ generated by <http://infoscience.epfl.ch/> }

@InProceedings{ZHEJ07,
   author      = {Zhang, Lijun and Hermanns, H. and Eisenbrand, Friedrich and Jansen, D. N.},
   booktitle   = {Tools and {A}lgorithms for the {C}onstruction and
                 {A}nalysis of {S}ystems. 13{t}h {I}nternational
                 {C}onference, (TACAS 07) },
     pages       = {155 -- 69},
   publisher   = { },
   series      = { },
   title       = {Flow faster: efficient decision algorithms for probabilistic simulations},
   year        = 2007
}




@Article{ZHEJ08,
  author = 	 {Lijun Zhang and Holger Hermanns and Friedrich Eisenbrand and David Jansen},
  title = 	 {Flow Faster: Efficient Decision Algorithms for Probabilistic Simulations},
  journal = 	 {Logical Methods in Computer Science},
  year = 	 2008,
  volume =	 4,
  number =	 {4:6},
  pages =	 {1-43}
}





@Article{EisenbrandConfortiDiSummaWolsey2008,
  author = 	 {Friedrich Eisenbrand and Michele Conforti and Marco Di~Summa and Laurence Wolsey},
  title = 	 {Network Formulations of Mixed-Integer Programs},
  journal = 	 mor,
  year = 	 2009,
  volume =	 34,
  number =	 1,
  pages =	 {194 -- 209}
}




@Article{EisenbrandShmonin2008,
    AUTHOR = {Eisenbrand, Friedrich and Shmonin, Gennady},
     TITLE = {Parametric integer programming in fixed dimension},
    JOURNAL = {Mathematics of Operations Research},
    VOLUME = {33},
      YEAR = {2008},
    NUMBER = {4},
     PAGES = {839--850},
      ISSN = {0364-765X},
   MRCLASS = {90C10 (90C60)},
  MRNUMBER = {MR2464645},
}


@InProceedings{EDMSWW06,
  author = 	 {Friedrich Eisenbrand and Werner Damm and Alexander Metzner and Gennady Shmonin and Reinhard Wilhelm and Sesbastian Winkel},
  title = 	 {Mapping task graphs on distributed DCU networks: {E}fficient algorithms for feasibility and optimality},
  booktitle = 	 {Proceedings of the 12th IEEE International Conference on Embedded and Real-Time Computing Systems and Applications, RTCSA 06},
  year =	 2006,
  pages = {87-90}
}





@InProceedings{EKSX06,
  author = 	 {Friedrich Eisenbrand and Andreas Karrenbauer and Martin Skutella and Chihao Xu},
  title = 	 {Multiline addressing by network flow},
  booktitle = 	 {Proceedings of the 14th Annual European Symposium on Algorithms (ESA 06)},
  year =	 2006,
   series =	 {LNCS},
  volume = {4168},
  pages = {744--755},
  publisher =	 {Springer}
}





@InProceedings{EH06,
  author = 	 {Friedrich Eisenbrand and Edda Happ},
  title = 	 {Provisioning a virtual private network under the presence of non-communicating groups},
 booktitle =	{Proceeding of the 6th Italian Conference on  Algorithms and Complexity,  {(CIAC 06)}},
  year =	 2006,
 pages =	{105--114},
 volume = {3998},
  series =	 {LNCS},
  publisher =	 {Springer}

}




@InBook{Eisenbrand2010b,
  author = 	 {Friedrich Eisenbrand},
  TITLE = 	 {50 Years of Integer Programming 1958-2008},
  chapter = 	 {Integer Programming and Algorithmic Geometry of Numbers},
  publisher = 	 {Springer},
  year = 	 2010}

@InBook{2004AardalEisen04,
  author =	 {Karen Aardal and Friedrich Eisenbrand},
  title = 	 {Handbook on Discrete Optimization},
  chapter = 	 {Integer Programming, Lattices and Results in Fixed Dimension},
  publisher = 	 {Elsevier},
  year = 	 2006
}



@inproceedings{AVACS04,
  AUTHOR    = { Becker, Bernd
                and Behle, Markus
                and Eisenbrand, Fritz
                and Fraenzle, Martin
                and Herbstritt, Marc
                and Herde, Christian
                and Hoffmann, Joerg
                and Kroening, Daniel
                and Nebel, Bernhard
                and Polian, Ilia
                and Wimmer, Ralf },
  TITLE     = { Bounded Model Checking and Inductive Verification of Hybrid Discrete-continuous Systems },
  BOOKTITLE = { ITG/GI/GMM-Workshop 'Methoden und Beschreibungssprachen zur Modellierung und Verifikation von Schaltungen und Systemen' },
  YEAR      = { 2004 },
  PAGES     = { 65--75 },
  ISBN      = { 3-8322-2486-6 },
  MONTH     = { February },
  EDITOR    = { Dominik Stoffel and Wolfgang Kunz },
}








@article {EFKM06J,
    AUTHOR = {Eisenbrand, Friedrich and Funke, Stefan and Karrenbauer,
              Andreas and Matijevic, Domagoj},
     TITLE = {Energy-aware stage illumination},
  JOURNAL = {International Journal of Computational Geometry \&
              Applications},
    VOLUME = {18},
      YEAR = {2008},
    NUMBER = {1-2},
     PAGES = {107--129},
      ISSN = {0218-1959},
   MRCLASS = {52B55 (68U05)},
  MRNUMBER = {MR2397315},
}



@InProceedings{EFKM05,
 author = {Friedrich Eisenbrand and Stefan Funke and Andreas Karrenbauer and Domagoj Matijevic},
 title = {Energy-aware stage illumination},
booktitle = {Proceedings of the twenty-first annual symposium on Computational geometry, (SoCG 05)},
year = {2005},
 isbn = {1-58113-991-8},
pages = {336--345},
 publisher = {ACM Press},

}





  @InProceedings{2005EOSV05,
  author = 	 {Friedrich Eisenbrand and Gianpaolo Oriolo and Gautier Stauffer and Paulo Ventura},
  title = 	 {Circular ones matrices and the stable set polytope of quasi-line graphs},
  booktitle = 	 {Proceedings of the  Eleventh Conference on Integer Programming and Combinatorial Optimization, (IPCO 05)},
  year =	 2005,
  pages =	 {291-305},
  volume =	 3509
}


@article {2006EOSV05J,
    AUTHOR = {Eisenbrand, Friedrich and Oriolo, Gianpaolo and Stauffer,
              Gautier and Ventura, Paolo},
     TITLE = {The stable set polytope of quasi-line graphs},
   JOURNAL = {Combinatorica},
  FJOURNAL = {Combinatorica. An International Journal on Combinatorics and
              the Theory of Computing},
    VOLUME = {28},
      YEAR = {2008},
    NUMBER = {1},
     PAGES = {45--67},
      ISSN = {0209-9683},
   MRCLASS = {05C62 (05C69 90C10 90C57)},
  MRNUMBER = {MR2399008},
}


@article {MR2398825,
    AUTHOR = {Eisenbrand, Friedrich and Pach, János and Rothvoß,
              Thomas and Sopher, Nir B.},
     TITLE = {Convexly independent subsets of the {M}inkowski sum of planar
              point sets},
    JOURNAL = {Electronic Journal of Combinatorics},
    VOLUME = {15},
      YEAR = {2008},
    NUMBER = {1},
     PAGES = {Note 8, 4},
      ISSN = {1077-8926},
   MRCLASS = {52C10 (52A10)},
  MRNUMBER = {MR2398825},
}



@ARTICLE{EKSX2008,
  AUTHOR       = {Eisenbrand, Friedrich and Karrenbauer, Andreas and Skutella, Martin and Xu, Chihao},
  JOURNAL      = {Algorithmica},
  TITLE        = {Multiline Addressing by Network Flow},
  ADDRESS      = {New York},
  PUBLISHER    = {Springer},
  MONTH        = {November},
  VOLUME       = 53,
  NUMBER       = 4,
  YEAR         = 2009,
  PAGES = {583-596}
}






@Article{EFKSR06J,
  title =	{Packing a Trunk - Now with a Twist!"\},
  author =	"Friedrich Eisenbrand and Stefan Funke and Andreas
		 Karrenbauer and Joachim Reichel and Elmar Schömer",
  journal = 	 {International Journal of Computational Geometry and Applications},
  year = 	"2007",
  number =	"5",
  volume =	"17",
  pages =	"505--527",
}


@inproceedings{EFKSR05,
 author = {Friedrich Eisenbrand and Stefan Funke and Andreas Karrenbauer and Joachim Reichel and Elmar Schömer},
 title = {Packing a trunk: {N}ow with a twist!},
 booktitle = {Proceedings of the 2005 ACM symposium on Solid and physical modeling, (SPM 05)},
 year = {2005},
 isbn = {1-59593-015-9},
 pages = {197--206},
 location = {Cambridge, Massachusetts},
 doi = {http://doi.acm.org/10.1145/1060244.1060266},
 publisher = {ACM Press},
 address = {New York, NY, USA},
note = {second-best paper award}
 }




@InProceedings{2005EG05,
  author = 	 {Friedrich Eisenbrand and Fabrizio Grandoni},
  title = 	 {An improved approximation algorithm for virtual private network design},
  booktitle = 	 {Proceedings of the sixteenth annual ACM-SIAM symposium on Discrete algorithms, (SODA 05)},
  year =	 2005,
  pages = {928--932}
}





@Article{EisenGrandoni04,
  AUTHOR = {Eisenbrand, Friedrich and Grandoni, Fabrizio},
     TITLE = {On the complexity of fixed parameter clique and dominating
              set},
  JOURNAL = {Theoretical Computer Science},
    VOLUME = {326},
      YEAR = {2004},
    NUMBER = {1-3},
     PAGES = {57--67}
}

@InProceedings{2003AEFM03,
  author = 	 {Ernst Althaus and Friedich Eisenbrand and Stefan Funke and Kurt Mehlhorn},
  title = 	 {Point containment in the integer hull of a polyhedron},
  booktitle = 	 {Proceedings of the fifteenth annual ACM-SIAM symposium on Discrete algorithms, (SODA 04)},
  year =	 2004,
}

@InProceedings{2003EL03,
  author = 	 {Friedrich Eisenbrand and Sören Laue},
  title = 	 {A faster algorithm for two variable integer programming},
  booktitle = 	 {14th Annual International Symposium on Algorithms and Computation, (ISAAC~03)},
  year =	 2003,
  series =	 {LNCS},
  publisher =	 {Springer},
}



@Article{2003VenEis03,
  author = 	 {Paolo Ventura and Friedrich Eisenbrand},
  title = 	 {A compact linear program for testing optimality of perfect matchings},
  journal = 	 {Operations Research Letters},
  year = 	 2003,
  volume =	 31,
  number =	 6,
  pages =	 {429-434},
}






@InProceedings{2003Eisenbrand2003,
  author = 	 {Friedrich Eisenbrand},
  title = 	 {Fast integer programming in fixed dimension},
  booktitle = 	 {In Proceedings of the 11th Annual European Symposium on Algorithms, (ESA 03)},
  pages =	 {196-207},
  year =	 2003,
  editor =	 {G. Di~Battista and U. Zwick},
  volume =	 2832,
  series =	 {LNCS},
  publisher =	 {Springer}
}



@Article{2003EisenSchulz03,
 author = 	 {Friedrich  Eisenbrand  and Andreas~S.  Schulz},
  title = 	 {Bounds on the {C}hvátal Rank of Polytopes in the 0/1~Cube},
  journal = 	 {Combinatorica},
  year = 	 2003,
  volume =	 23,
  number =	 2,
  pages =	 {245-261},
}




@InProceedings{2003EFRS03,
  author = 	 {Friedrich Eisenbrand and Stefan Funke and Joachim Reichel and Elmar Schömer},
  title = 	 {Packing a trunk},
  booktitle = 	 {11th Annual European Symposium on Algorithms, (ESA~03)},
  pages =	 {618-129},
  year =	 2003,
  editor =	 {G. Di~Battista and U. Zwick},
  volume =	 2832,
  series =	 {LNCS}
}



@InProceedings{2005EFKRS05,
  author = 	 {Friedrich Eisenbrand and Stefan Funke  and Andreas Karrenbauer and Joachim Reichel and Elmar Schömer},
  title = 	 {Packing a trunk, now with a twist},
   note = 	 {submitted}
}

@Article{2003EG03,
  author = 	 {Friedrich Eisenbrand and Fabrizio Grandoni},
  title = 	 {Detecting directed 4-cycles still faster},
  journal = 	 {Information Processing Letters},
  year = 	 2003,
  volume =	 87,
  number =	 1,
  pages =	 {13-15}
}

@inproceedings{2003EFGK03,
 author = {Friedrich Eisenbrand and Stefan Funke and Naveen Garg and Jochen Könemann},
 title = {A combinatorial algorithm for computing a maximum independent set in a t-perfect graph},
 booktitle = {Proceedings of the fourteenth annual ACM-SIAM symposium on Discrete algorithms, (SODA 03)},
 year = {2003},
 isbn = {0-89871-538-5},
 pages = {517--522},
 location = {Baltimore, Maryland},
 publisher = {Society for Industrial and Applied Mathematics},
 }



 @Article{2002ERV02b,
  author = 	 {Friedrich Eisenbrand and Giovanni Rinaldi and Paolo Ventura},
  title = 	 {\href{http://www.mpi-sb.mpg.de/~eisen/papers/primal.ps.gz}{Primal separation for 0/1~polytopes}},
  journal = 	 {Mathematical  Programming},
  year = 	 2003,
  volume =	 95,
  number =	 3,
  pages =	 {475--491},
}



@InProceedings{2002ERV02,
  author = 	 {Friedrich Eisenbrand and Giovanni Rinaldi  and Paolo Ventura},
  title = 	 {0/1 optimization and 0/1 primal separation are equivalent},
  booktitle = 	 {Proceedings of the thirteenth annual ACM-SIAM symposium on discrete algorithms, (SODA 02)},
  pages =	 {920-926},
  year =	 2002,
}


@InProceedings{2001EisenbrandRote01a,
  author = 	 {Friedrich Eisenbrand and Günter Rote},
  title = 	 {\href{http://www.mpi-sb.mpg.de/~eisen/papers/ternary.ps.gz}{Fast reduction of ternary quadratic forms}},
  booktitle = 	 {Cryptography and Lattices Conference,  (CALC~01)},
  pages =	 {32-44},
  year =	 2001,
  editor =	 {Silverman, J.},
  volume =	 2146,
  series =	 {LNCS},
  publisher =	 {Springer},
}


@Article{2001BockmayrEisenbrand99,
  author = 	 {Alexander Bockmayr and Friedrich Eisenbrand},
  title = 	 {Cutting planes and the elementary closure in fixed dimension},
  journal = 	 mor,
  year = 	 2001,
  volume =	 26,
  number =	 2,
  pages =	 {304--312}
}

@InProceedings{2000EisenbrandRote00,
  author = 	 {Friedrich Eisenbrand and  Günter Rote},
  title = 	 {\href{http://www.mpi-sb.mpg.de/~eisen/papers/fast.ps.gz}{Fast 2-variable integer programming}},
  booktitle = 	 {Integer Programming and Combinatorial Optimization, (IPCO 01)},
  pages =	 {78-89},
  year =	 2001,
  editor =	 {Aardal, K. and Gerards, B.},
  volume =	 2081,
  series =	 {LNCS},
  publisher =	 {Springer},
}

@PhdThesis{2000EisenThesis00,
  author = 	 {Friedrich Eisenbrand},
  title = 	 {\href{http://www.mpi-sb.mpg.de/~eisen/papers/diss.ps.gz}{Gomory-Chvátal cutting planes and the elementary closure of polyhedra}},
  school = 	 {Universität des Saarlandes},
  year = 	 2000,
  month =	 {July},
}


@article {2000Eisen00,
    AUTHOR = {Friedrich Eisenbrand},
     TITLE = {\href{http://www.mpi-sb.mpg.de/~eisen/papers/lattice.ps.gz}{Short vectors of planar lattices via continued fractions}},
    JOURNAL = {Information Processing Letters},
    VOLUME = {79},
      YEAR = {2001},
    NUMBER = {3},
     PAGES = {121--126},
  }



@InProceedings{2000BockmayrEisenbrand2000,
  author = 	 {Alexander Bockmayr and Friedrich Eisenbrand},
  title = 	 {Combining Logic and optimization in cutting plane theory},
  booktitle = 	 {Frontiers of Combining Systems, (FroCoS 00)},
  pages =	 {1-17},
  year =	 2000,
  editor =	 {H. Kirchner and C. Ringeissen},
  series =	 {LNAI 1794},
  publisher =	 {Springer},
  note =	 {invited paper}
}


@Article{1999Eisenbrand99,
  author = 	 {Friedrich Eisenbrand},
  title = 	 {On the membership problem for the elementary closure of a polyhedron},
  journal = 	 {Combinatorica},
  year = 	 1999,
  volume =	 19,
  number =	 2,
  pages =	 {297-300}
}



@Article{1999BuchmannEisenbrand99,
  author = 	 {Johannes Buchmann and Friedrich Eisenbrand},
  title = 	 {On Factor Refinement in Number Fields},
  journal = 	 {Mathematics of Computation},
  year = 	 1999,
  volume =	 68,
  number =	 225,
  pages =	 {345-350}
}


@Article{1999BEHS99,
  author = 	 {Bockmayr, Alexander and Eisenbrand, Friedrich and Hartmann, Mark~E. and Schulz, Aandreas~S.},
  title = 	 {On the {C}hvátal Rank of Polytopes in the 0/1 Cube},
  journal = 	 dam,
  year = 	 1999,
  volume =	 98,
  pages =	 {21-27}
}



@InProceedings{1998EisenSchulz98,
  author = 	 {Friedrich  Eisenbrand  and Andreas~S.  Schulz},
  title = 	 {Bounds on the {C}hvátal Rank of Polytopes in the 0/1~Cube},
  booktitle = 	 {Integer Programming and Combinatorial Optimization, (IPCO 99)},
  pages =	 {137-150},
  year =	 1999,
  editor =	 {G. Cornuéjols and R.~E. Burkard and G.~J. Woeginger},
  publisher =	 {Springer, LNCS 1610},
  annote    =    {pdf file: EisenSchulz98.pdf}
}


@MastersThesis{1997EisMaster97,
  author = 	 {Friedrich Eisenbrand},
  title = 	 {On factor refinement in quadratic number fields},
  school = 	 {Universität des Saarlandes},
  year = 	 1997,
  month =	 {March}
}




@Article{EisenLaue04,
  author = 	 {Friedrich Eisenbrand and Sören Laue},
  title = 	 {\href{http://www.mpi-sb.mpg.de/~eisen/papers/fast2ip_mp.ps.gz}{A linear algorithm for integer programming in the plane}},
  journal = 	 {Mathematical Programming},
  year = 	 2005,
  volume =	 102,
  number =	 2,
  pages =	 {249 -- 259},
  note = 	 {}
}


@InProceedings{EGOS05,
 author = 	 {Friedrich Eisenbrand and Fabrizio Grandoni and Gianpaolo Oriolo and Martin Skutella},
  title = 	 {New approaches for virtual private network design},
  year = 	 2005,
  editor =	 {L. Caires and  G. F. Italiano and  L. Monteiro and C. Palamidessi and M. Yung},
  booktitle =	 {32nd International Colloquium on Automata, Languages and Programming,  (ICALP 05)},
  volume  =	 3580,
  series =	 {LNCS},
  pages = {1151-1162},
  publisher =	 {Springer}
}

@article {2006EGOSJ,
    AUTHOR = {Eisenbrand, Friedrich and Grandoni, Fabrizio and Oriolo,
              Gianpaolo and Skutella, Martin},
     TITLE = {New approaches for virtual private network design},
   JOURNAL = {SIAM Journal on Computing},
    VOLUME = {37},
      YEAR = {2007},
    NUMBER = {3},
     PAGES = {706--721},
      ISSN = {0097-5397},
   MRCLASS = {68W20 (68M10 68W25)},
  MRNUMBER = {MR2341913 (2008f:68165)},
MRREVIEWER = {Romeo Rizzi},
}




@InProceedings{BBEW05,
  author = 	 {Bernd Becker and Markus Behle and Friedrich Eisenbrand and Ralf Wimmer},
  title = 	 {{BDD}s in a {Branch \& Cut} framework},
  booktitle = 	 {4th International Workshop on Efficient and Experimental Algorithms, (WEA 05)},
  year =	 {2005},
  OPTeditor = 	 {},
  volume = 	 {3503},
  pages = {452-463},
  series = 	 {LNCS},
  OPTaddress = 	 {},
  OPTmonth = 	 {},
  OPTorganization = {},
  publisher = {Springer},
  OPTannote = 	 {}
}






@Article{ES05,
  author = 	 {F. Eisenbrand and G. Shmonin},
  title = 	 {Carathéodory bounds for integer cones},
  journal = 	 {Operations Research Letters},
  year = 	 2006,
  volume =	 34,
  pages =	 {564-568}
}





@InProceedings{ER09,
  author = 	 {Friedrich Eisenbrand and Thomas Rothvoß},
  title = 	 {New hardness results for {D}iophantine approximation},
  booktitle = 	 {12th Intl. Workshop on Approximation Algorithms for Combinatorial Optimization Problems, (APPROX 09)},
  OPTcrossref =  {},
  OPTkey = 	 {},
  pages = 	 {98-110},
  year = 	 {2009},
  OPTeditor = 	 {},
  OPTvolume = 	 {},
  OPTnumber = 	 {},
  series = 	 {LNCS},
  OPTaddress = 	 {},
  OPTmonth = 	 {},
  OPTorganization = {},
  publisher = {Springer},
    OPTannote = 	 {}
}

@InProceedings{BEH07,
  author = 	 {T. Bernholt and F. Eisenbrand and T. Hofmeister},
  title = 	 {A Geometric Framework for Solving Subsequence Problems in Computational Biology Efficiently},
  booktitle = 	 {Proceedings of the 23rd Annual ACM Symposium on Computational Geometry  (SoCG 2007)  },
  pages =	 {310-317},
  year =	 2007,
  editor =	 {J. Erickson and M. Teillaud},
}





@article{Eisenbrand2010,
title = "Connected facility location via random facility sampling and core detouring",
journal = "Journal of Computer and System Sciences",
volume    = {76},
  number    = {8},
  year      = {2010},
  pages     = {709-726},
author = "Friedrich Eisenbrand and Fabrizio Grandoni and Thomas Rothvoß and Guido Schäfer",
}





@Article{EKX09,
  author = 	 {Friedrich Eisenbrand and Andreas Karrenbauer and  Chihao Xu},
  title = 	 {Algorithms for longer {OLED} lifetime},
  journal = 	 {ACM Journal of Experimental Algorithmics},
  year = 	 {2009},
  OPTkey = 	 {},
  volume = 	 {14},
  OPTnumber = 	 {},
  OPTpages = 	 {},
  OPTmonth = 	 {},
  OPTnote = 	 {},
  OPTannote = 	 {}
}

@Article{BEH09,
  author = 	 {Thorsten Bernholt and Friedrich Eisenbrand and  Thomas Hofmeister},
  title = 	 { Constrained {M}inkowski sums: {A} framework for solving interval problems from computational biology efficiently},
  journal = 	 {Discrete and Computational Geometry},
  year = 	 2009,
  volume =	 42,
  number =	 1,
  pages =	 {22-36}
}


@inproceedings{DBLP:conf/esa/EisenbrandKMNNSVW10,
  author    = {Friedrich Eisenbrand and
               Karthikeyan Kesavan and
               Raju S. Mattikalli and
               Martin Niemeier and
               Arnold W. Nordsieck and
               Martin Skutella and
               José Verschae and
               Andreas Wiese},
 editor    = {Mark de Berg and               Ulrich Meyer},
  title     = {Solving an Avionics Real-Time Scheduling Problem by Advanced
               IP-Methods},
  booktitle = {18th Annual European Symposium of Algorithms (ESA 2010)},
  year      = 2010,
  pages     = {11-22},
 series    = {Lecture Notes in Computer Science},
  volume    = 6346
}











@InProceedings{EPR11,
  author = 	 {Friedrich Eisenbrand and Dömötör Pálvölgyi and Thomas Rothvoss},
  title = 	 {Bin packing via discrepancy ot permutations},
  booktitle = 	 {ACM-SIAM Symposium on Discrete Algorithms {(SODA 11)}},
  pages = 	 {476 - 481},
  year = 	 2011
  }

@InProceedings{EPR13,
  author = 	 {Friedrich Eisenbrand and Dömötör Pálvölgyi and Thomas Rothvoss},
  title = 	 {Bin packing via discrepancy ot permutations},
  booktitle = 	 {ACM-SIAM Symposium on Discrete Algorithms {(SODA 11)}},
  pages = 	 {476 - 481},
  year = 	 2011,
}


@Article{EPR13J,
  author = 	 {Friedrich Eisenbrand and Dömötör Pálvölgyi and Thomas Rothvoss},
  title = 	 {Bin packing via discrepancy ot permutations},
  journal = 	 {Transactions on Algorithms},
  year = 	 2013,
  volume =	 9,
  number =	 3,
  pages =	 24,
}




@Article{EHRR10,
  author = 	 {Friedrich Eisenbrand and Nicolai Hähnle and Alexander Razborov and Thomas Rothvo\ss},
  title = 	 {Diameter of Polyhedra: {L}imits of Abstraction},
  journal = 	 {Mathematics of Operations Research},
  year = 	 2010,
  volume = 	 35,
  number = 	 4,
  pages = 	 {786-794}}





@InProceedings{EKRS11,
  author = 	 {F. Eisenbrand and N. Kakimura and T. Rothvoß and L. Sanità},
  title = 	 {Set covering with ordered replacement: {A}dditive and multiplicative gaps},
  booktitle = 	 {Proceedings of the 15-th Conference on Integer Programming and Combinatorial Optimization. (IPCO'11)},
  pages =	 {170 -- 182},
  year =	 2011,
  editor =	 {O. Günlük and G.J. Woeginger},
  volume =	 6655,
  series =	 {Lecture Notes in Computer Science},
  publisher =	 {Springer}
}

@inproceedings{EHN11,
 author = {Eisenbrand, Friedrich and H\"{a}hnle, Nicolai and Niemeier, Martin},
 title = {Covering cubes and the closest vector problem},
 booktitle = {Proceedings of the 27th annual ACM symposium on Computational geometry},
 series = {SoCG '11},
 year = {2011},
 isbn = {978-1-4503-0682-9},
 location = {Paris, France},
 pages = {417--423},
 numpages = {7},
 url = {http://doi.acm.org/10.1145/1998196.1998264},
 doi = {http://doi.acm.org/10.1145/1998196.1998264},
 acmid = {1998264},
 publisher = {ACM},
 address = {New York, NY, USA},
 keywords = {approximation algorithm, box cover, closest lattice vector problem, covering convex bodies, ellipsoid cover},
}

@article {IntegralityGapsMP,
  author = {Eisenbrand, Friedrich and Hähnle, Nicolai and Pálvölgyi, Dömötör and Shmonin, Gennady},
  affiliation = {DISOPT, Ecole Polytechnique Fédérale de Lausanne, Station 8, 1015 Lausanne, Switzerland},
  title = {Testing additive integrality gaps},
  journal = {Mathematical Programming},
  publisher = {Springer Berlin / Heidelberg},
  issn = {0025-5610},
  keyword = {Mathematics and Statistics},
  pages = {1-15},
  url = {http://dx.doi.org/10.1007/s10107-012-0518-y},
  note = {10.1007/s10107-012-0518-y},
  year = {2011}
}

@inproceedings{BDEHN12,
  author = {Bonifas, Nicolas and Di Summa, Marco and Eisenbrand, Friedrich and H\"{a}hnle, Nicolai and Niemeier, Martin},
  title = {On sub-determinants and the diameter of polyhedra},
  booktitle = {Proceedings of the 28th annual ACM symposium on Computational geometry},
  series = {SoCG '12},
  year = {2012},
  pages = {357-362}
}



@InProceedings{EH13,
    author    = {Friedrich Eisenbrand and               Nicolai Hähnle},
  title     = {Minimizing the number of lattice points in a translated
               polygon},
  booktitle = 	 {Proceedings of the ACM-SIAM Symposium on Discrete Algorithms {(SODA 13)}},
  pages =	 {1123-1130},
  year = 	 2013
}







@article {EN12,
    AUTHOR = {Eisenbrand, Friedrich and Niemeier, Martin},
     TITLE = {Coloring fuzzy circular interval graphs},
   JOURNAL = {European J. Combin.},
  FJOURNAL = {European Journal of Combinatorics},
    VOLUME = {33},
      YEAR = {2012},
    NUMBER = {5},
     PAGES = {893--904},
      ISSN = {0195-6698},
   MRCLASS = {05C72 (05C15)},
  MRNUMBER = {2889523},
       DOI = {10.1016/j.ejc.2011.09.016},
       URL = {http://dx.doi.org/10.1016/j.ejc.2011.09.016},
}
		

@article{EisenbrandNSVW11,
  author    = {Friedrich Eisenbrand and
               Martin Niemeier and
               Martin Skutella and
               José Verschae and
               Andreas Wiese},
  title     = {Real-time Avionics Optimization},
  journal   = {it - Information Technology},
  volume    = {53},
  number    = {6},
  year      = {2011},
  pages     = {274-279},
  ee        = {http://dx.doi.org/10.1524/itit.2011.0653},
  bibsource = {DBLP, http://dblp.uni-trier.de}
}


@incollection{Eisenbrand11,
  author    = {Friedrich Eisenbrand},
  title     = {The {E}uclidean Algorithm},
  booktitle = {Algorithms Unplugged},
  year      = 2011,
  pages     = {111-117},
  ee        = {http://dx.doi.org/10.1007/978-3-642-15328-0_12},
  bibsource = {DBLP, http://dblp.uni-trier.de},
  publisher = {Springer}
}
		


@article{BSEHN14,
  author    = {Nicolas Bonifas and
               Marco Di Summa and
               Friedrich Eisenbrand and
               Nicolai H{\"a}hnle and
               Martin Niemeier},
  title     = {On Sub-determinants and the Diameter of Polyhedra},
  journal   = {Discrete {\&} Computational Geometry},
  volume    = {52},
  number    = {1},
  year      = {2014},
  pages     = {102-115},
  ee        = {http://dx.doi.org/10.1007/s00454-014-9601-x},
  bibsource = {DBLP, http://dblp.uni-trier.de}
}


@article{EV14, 
  author    = {Friedrich Eisenbrand and
               Santosh Vempala},
  title     = {Geometric Random Edge},
  journal   = {CoRR},
  volume    = {abs/1404.1568},
  year      = {2014},
  ee        = {http://arxiv.org/abs/1404.1568},
  bibsource = {DBLP, http://dblp.uni-trier.de}
}



@article{DEFM14,
  author    = {Marco Di Summa and
               Friedrich Eisenbrand and
               Yuri Faenza and
               Carsten Moldenhauer},
  title     = {On largest volume simplices and sub-determinants},
  journal   = {CoRR},
  volume    = {abs/1406.3512},
  year      = {2014},
  ee        = {http://arxiv.org/abs/1406.3512},
  bibsource = {DBLP, http://dblp.uni-trier.de}
}

%%%%%%%%%%%%%%%%%%%%%%%%%%%%%%%%%%%%%%%%%%%%%%%%%%%%%%%%%














































