@STRING{crelle = "Journal f{\"u}r die reine und angewandte Mathematik"}
@STRING{dcg = "Discrete \& Computational Geometry"}
@STRING{lnm = "Lecture Notes in Mathematics"}
@STRING{adm = "Annals of Discrete Mathematics"}
@STRING{ai = "Artificial Intelligence"}
@STRING{algo = "Algorithmica"}
@STRING{amai = "Annals of Mathematics and Artificial Intelligence"}
@STRING{aor = "Annals of Operations Research"}
@STRING{aml = "Arch. Math. Logic"}
@STRING{aaecc = "Applicable Algebra in Engineering, Communication and Computing"}
@STRING{apal = "Ann. Pure Appl. Logic"}
@STRING{cacm = "Communications of the Association for Computing Machinery"}
@STRING{ci = "Computational Intelligence"}
@STRING{coa = "Computer Optimization and Applications"}
@STRING{comb = "Combinatorica"}
@STRING{dam = "Discrete Applied Mathematics"}
@STRING{dm = "Discrete Mathematics"}
@STRING{dma = "Discete Math. Appl."}
@STRING{dss = "Decision Support Systems"}
@STRING{ejor = "Europ. J. Oper. Res."}
@STRING{ic = "Information and Computation"}
@STRING{ijfocs = " Int. J. Found. Comp. Science"}
@STRING{ipl = "Information Processing Letters"}
@STRING{is = "Information Sciences"}
@STRING{jacm = "Journal of the Association for Computing Machinery"}
@STRING{jal = "Journal of Algorithms"}
@STRING{jar = "Journal of Automated Reasoning"}
@STRING{jcth = "Journal of Combinatorial Theory"}
@STRING{jctha = "Journal of Combinatorial TheorySer. A"}
@STRING{jcthb = "Journal of Combinatorial Theory Ser. B"}
@STRING{jcss = "Journal of Computer and System Sciences"}
@STRING{jlc = "Journal of Logic Computation"}
@STRING{jheu = "Journal of Heuristics"}
@STRING{jlp = "Journal of Logic Programming"}
@STRING{jors = "Journal of the Operational Research Society"}
@STRING{jota = "Journal of Optimization Theory and Applications"}
@STRING{jsc = "Journal of Symbolic Computation"}
@STRING{jsl = "Journal of Symbolic Logic"}
@STRING{laa = "Linear Algebra and its Applications"}
@STRING{lma = "Linear and Multilinear Algebra"}
@STRING{mp = "Mathematical Programming"}
@STRING{mor = "Mathematics of Operations Research"}
@STRING{ngc = "New Generation Computing"}
@STRING{msc = "Management Science"}
@STRING{ndjfl = "Notre Dame Journal of Formal Logic"}
@STRING{or = "Operations Research"}
@STRING{orl = "Operations Research Letters"}
@STRING{orsjc = "ORSA Journal on Computing"}
@STRING{tcs = "Theoretical Computer Science"}
@STRING{toplas = "ACM Transactions on Programming Languages and Systems"}
@STRING{zml = "Zeitschr. f. math. Logik und Grundlagen d. Math."}
@STRING{bullacpol = "Bulletin de l'Academie Polonaise des Sciences-Serie des Sciences Math., Astr. et Phys."}
@STRING{siam-comp = "SIAM Journal on Computing"}
@STRING{siam-opt = "SIAM Journal on Optimization"}
@STRING{SV = "Springer"}
@STRING{NH = "North Holland"}
@STRING{EL = "Elsevier"}
@STRING{AP = "Academic Press"}
@STRING{AW = "Addison Wesley"}
@STRING{MGH = "McGraw-Hill"}
@STRING{MIT = "MIT Press"}
@STRING{PH = "Prentice Hall"}
@STRING{WI = "John Wiley"}
@STRING{cdldo = "Christian Doppler Laboratorium, TU Graz"}
@STRING{cmuor = "GSIA, Carnegie Mellon University"}
@STRING{dfki = "Deutsches Forschungszentrum f{\"u}r K{\"u}nstliche Intelligenz"}
@STRING{gatech = "Georgia Institute of Technology"}
@STRING{gia = "G.I.A., Facult{\'e} de Luminy, Univ. Aix-Marseille {II}"}
@STRING{mpii = "Max-Planck-Institut f{\"u}r Informatik, Saarbr{\"u}cken"}
@STRING{unika = "Fakult{\"a}t f{\"u}r Informatik, Univ. Karlsruhe"}
@STRING{unikl = "Univ. Kaiserslautern"}
@STRING{unina = "Univ. Nancy"}
@STRING{zib = "Konrad-Zuse-Zentrum f{\"u}r Informationstechnik, Berlin"}









@article{BOR80,
author="Bartholdi, John J.III and  Orlin, James B. and  Ratliff, H.Donald",
title="{Cyclic scheduling via integer programs with circular ones.}",
journal="Operations Research",
volume="28",
pages="1074-1085",
year={1980},
}



@book{Schrijver03,
author="Schrijver, Alexander",
title="{Combinatorial optimization. Polyhedra and efficiency (3 volumes).}",
publisher="{Algorithms and Combinatorics 24. Berlin: Springer.}",
year={2003},
}

@Article{AAWY98,
  author = 	 {N. Alon and  Y. Azar and G. Woeginger and  T. Yadid},
  title = 	 {Approximation schemes for scheduling on parallel machines},
  journal = 	 {Journal of Scheduling},
  year = 	 1998,
  volume =	 1,
  pages =	 {55-66},
  annote =	 {.ps file of conf-version : AAWY98.ps.gz}
}


@incollection {ACL02,
    AUTHOR = {Andersen, Kent and Cornu{\'e}jols, G{\'e}rard and Li, Yanjun},
     TITLE = {Split closure and intersection cuts},
 BOOKTITLE = {Integer programming and combinatorial optimization},
    SERIES = {Lecture Notes in Comput. Sci.},
    VOLUME = {2337},
     PAGES = {127--144},
 PUBLISHER = {Springer},
   ADDRESS = {Berlin},
      YEAR = {2002},
   MRCLASS = {90C11 (90C27)},
  MRNUMBER = {MR2061050},
  annote =	 {.ps file: AndersenCornuejolsLi02.ps},
}







@Article{EisenbrandShmonin08,
  author = 	 {F. Eisenbrand and G. Shmonin},
  title = 	 {Parametric integer programming in fixed dimension},
  journal = 	 {Mathematics of Operations Research},
  year = 	 2008,
  note =	 {to appear}
}

@InProceedings{AJKD02,
  author =	 {M. Ajtai and T.S. Jayram and R. Kumar and
                  D. Sivakumar},
  title =	 {Approximate counting of inversions in a data stream},
  booktitle =	 {Proceedings of the thiry-fourth annual ACM symposium
                  on Theory of computing},
  pages =	 {370--379},
  year =	 2002,
  address =	 {Montreal, Quebec, Canada},
  publisher =	 {ACM Press},
  annote =	 {.pdf file AJKD02.pdf}
}



@InProceedings{AKS01,
  author = 	 {M. Ajtai and R. Kumar and D. Sivakumar},
  title = 	 {A sieve algorithm for the shortest lattice vector problem},
  booktitle = 	 {Proceedings of the thirty-third annual ACM symposium on Theory of computing},
  pages =	 {601--610},
  year =	 2001,
  publisher =	 {ACM Press},
  annote =	 {.pdf file AKS01.pdf}
}

@InProceedings{AKS02,
  author = 	 {Miklos Ajtai and  Ravi Kumar and  D. Sivakumar},
  title = 	 {Sampling Short Lattice Vectors and the Closest Lattice Vector Problem},
  booktitle = 	 {Proceedings of the 17th IEEE Annual Conference on Computational Complexity},
  pages =	 {53--67},
  year =	 2002,
  address =	 {Montreal, Canada},
  annote =	 {.ps file AKS02.ps}
}

@Article{AYZ1997,
  title =        "Finding and Counting Given Length Cycles",
  author =       "N. Alon and R. Yuster and U. Zwick",
  pages =        "209--223",
  journal =      "Algorithmica",
  year =         "1997",
  month =        mar,
  volume =       "17",
  number =       "3",
}



@InProceedings{Ajtai98,
  author =       "M. Ajtai",
  title =        "The Shortest Vector Problem in {{\it{L2}}} is
                 {NP-hard} for Randomized Reductions",
  pages =        "10--19",
  booktitle =    "Proceedings of the 30th Annual {ACM} Symposium on
                 Theory of Computing ({STOC}-98)",
  publisher =    "ACM Press",
  address =      "New York",
  year =         1998,
  annote = {.pdf ajtai98.pdf}
}

@inproceedings{DBLP:conf/stoc/BravermanM13,
  author    = {Mark Braverman and
               Ankur Moitra},
  title     = {An information complexity approach to extended formulations},
  booktitle = {STOC},
  year      = {2013},
  pages     = {161-170},
  ee        = {http://doi.acm.org/10.1145/2488608.2488629},
  crossref  = {DBLP:conf/stoc/2013},
  bibsource = {DBLP, http://dblp.uni-trier.de}
}
@proceedings{DBLP:conf/stoc/2013,
  editor    = {Dan Boneh and
               Tim Roughgarden and
               Joan Feigenbaum},
  title     = {Symposium on Theory of Computing Conference, STOC'13, Palo
               Alto, CA, USA, June 1-4, 2013},
  booktitle = {STOC},
  publisher = {ACM},
  year      = {2013},
  isbn      = {978-1-4503-2029-0},
  ee        = {http://dl.acm.org/citation.cfm?id=2488608},
  bibsource = {DBLP, http://dblp.uni-trier.de}
}




@inproceedings{DBLP:conf/ipco/KaibelL10,
  author    = {Volker Kaibel and
               Andreas Loos},
  title     = {Branched Polyhedral Systems},
  booktitle = {IPCO},
  year      = {2010},
  pages     = {177-190},
  ee        = {http://dx.doi.org/10.1007/978-3-642-13036-6_14},
  crossref  = {DBLP:conf/ipco/2010},
  bibsource = {DBLP, http://dblp.uni-trier.de}
}
@proceedings{DBLP:conf/ipco/2010,
  editor    = {Friedrich Eisenbrand and
               F. Bruce Shepherd},
  title     = {Integer Programming and Combinatorial Optimization, 14th
               International Conference, IPCO 2010, Lausanne, Switzerland,
               June 9-11, 2010. Proceedings},
  booktitle = {IPCO},
  publisher = {Springer},
  series    = {Lecture Notes in Computer Science},
  volume    = {6080},
  year      = {2010},
  isbn      = {978-3-642-13035-9},
  ee        = {http://dx.doi.org/10.1007/978-3-642-13036-6},
  bibsource = {DBLP, http://dblp.uni-trier.de}
}


@inproceedings{DBLP:conf/ipco/KaibelP11,
  author    = {Volker Kaibel and
               Kanstantsin Pashkovich},
  title     = {Constructing Extended Formulations from Reflection Relations},
  booktitle = {IPCO},
  year      = {2011},
  pages     = {287-300},
  ee        = {http://dx.doi.org/10.1007/978-3-642-20807-2_23},
  crossref  = {DBLP:conf/ipco/2011},
  bibsource = {DBLP, http://dblp.uni-trier.de}
}
@proceedings{DBLP:conf/ipco/2011,
  editor    = {Oktay G{\"u}nl{\"u}k and
               Gerhard J. Woeginger},
  title     = {Integer Programming and Combinatoral Optimization - 15th
               International Conference, IPCO 2011, New York, NY, USA,
               June 15-17, 2011. Proceedings},
  booktitle = {IPCO},
  publisher = {Springer},
  series    = {Lecture Notes in Computer Science},
  volume    = {6655},
  year      = {2011},
  isbn      = {978-3-642-20806-5},
  ee        = {http://dx.doi.org/10.1007/978-3-642-20807-2},
  bibsource = {DBLP, http://dblp.uni-trier.de}
}

@article{DBLP:journals/corr/abs-1111-0837,
  author    = {Samuel Fiorini and
               Serge Massar and
               Sebastian Pokutta and
               Hans Raj Tiwary and
               Ronald de Wolf},
  title     = {Linear vs. Semidefinite Extended Formulations: Exponential
               Separation and Strong Lower Bounds},
  journal   = {CoRR},
  volume    = {abs/1111.0837},
  year      = {2011},
  ee        = {http://arxiv.org/abs/1111.0837},
  bibsource = {DBLP, http://dblp.uni-trier.de}
}

@article {MR2921103,
    AUTHOR = {Bienstock, Daniel and McClosky, Benjamin},
     TITLE = {Tightening simple mixed-integer sets with guaranteed bounds},
   JOURNAL = {Math. Program.},
  FJOURNAL = {Mathematical Programming. A Publication of the Mathematical
              Programming Society},
    VOLUME = {133},
      YEAR = {2012},
    NUMBER = {1-2, Ser. A},
     PAGES = {337--363},
      ISSN = {0025-5610},
   MRCLASS = {90C27 (90C35)},
  MRNUMBER = {2921103},
MRREVIEWER = {Farhad Shahrokhi},
       DOI = {10.1007/s10107-010-0435-x},
       URL = {http://dx.doi.org/10.1007/s10107-010-0435-x},
}

@article{DBLP:journals/orl/PokuttaV13,
  author    = {Sebastian Pokutta and
               Mathieu Van Vyve},
  title     = {A note on the extension complexity of the knapsack polytope},
  journal   = {Oper. Res. Lett.},
  volume    = {41},
  number    = {4},
  year      = {2013},
  pages     = {347-350},
  ee        = {http://dx.doi.org/10.1016/j.orl.2013.03.010},
  bibsource = {DBLP, http://dblp.uni-trier.de}
}


@inproceedings{DBLP:conf/iscopt/FaenzaFGT12,
  author    = {Yuri Faenza and
               Samuel Fiorini and
               Roland Grappe and
               Hans Raj Tiwary},
  title     = {Extended Formulations, Nonnegative Factorizations, and Randomized
               Communication Protocols},
  booktitle = {ISCO},
  year      = {2012},
  pages     = {129-140},
  ee        = {http://dx.doi.org/10.1007/978-3-642-32147-4_13},
  crossref  = {DBLP:conf/iscopt/2012},
  bibsource = {DBLP, http://dblp.uni-trier.de}
}

@Unpublished{FaenzaSan,
  author = 	 {Faenza, Y. and Sanit\'a, L.},
  title = 	 {On $\epsilon$-approximation for the knapsack polytope in the original space},
  note = 	 {Manuscript},
}

@article {MR760546,
    AUTHOR = {Papadimitriou, C. H. and Yannakakis, M.},
     TITLE = {The complexity of facets (and some facets of complexity)},
   JOURNAL = {J. Comput. System Sci.},
  FJOURNAL = {Journal of Computer and System Sciences},
    VOLUME = {28},
      YEAR = {1984},
    NUMBER = {2},
     PAGES = {244--259},
      ISSN = {0022-0000},
     CODEN = {JCSSBM},
   MRCLASS = {68Q15 (03D15 05C99 90B10)},
  MRNUMBER = {760546 (86k:68030)},
MRREVIEWER = {K. G. Murty},
       DOI = {10.1016/0022-0000(84)90068-0},
       URL = {http://dx.doi.org/10.1016/0022-0000(84)90068-0},
}

@article {MR0378463,
    AUTHOR = {Ibarra, Oscar H. and Kim, Chul E.},
     TITLE = {Fast approximation algorithms for the knapsack and sum of
              subset problems},
   JOURNAL = {J. Assoc. Comput. Mach.},
  FJOURNAL = {Journal of the Association for Computing Machinery},
    VOLUME = {22},
      YEAR = {1975},
    NUMBER = {4},
     PAGES = {463--468},
      ISSN = {0004-5411},
   MRCLASS = {68A10},
  MRNUMBER = {0378463 (51 \#14631)},
MRREVIEWER = {V. V. Ivanov},
}

@Unpublished{splitmanu,
  author = 	 {Conforti, M. and Del Pia, A. and Di Summa, M. and Faenza, Y.},
  title = 	 {Revese split rank},
  note = 	 {Manuscript},
}

@Unpublished{stable-set-manu,
  author = 	 {Bock, A. and Cevallos, A. and  Eisenbrand, F. and Faenza Y. and and Moldenhauer, C.},
  title = 	 {Odd cycle packing and stable sets},
  note = 	 {Manuscript},
}


@proceedings{DBLP:conf/iscopt/2012,
  editor    = {Ali Ridha Mahjoub and
               Vangelis Markakis and
               Ioannis Milis and
               Vangelis Th. Paschos},
  title     = {Combinatorial Optimization - Second International Symposium,
               ISCO 2012, Athens, Greece, April 19-21, 2012, Revised Selected
               Papers},
  booktitle = {ISCO},
  publisher = {Springer},
  series    = {Lecture Notes in Computer Science},
  volume    = {7422},
  year      = {2012},
  isbn      = {978-3-642-32146-7},
  ee        = {http://dx.doi.org/10.1007/978-3-642-32147-4},
  bibsource = {DBLP, http://dblp.uni-trier.de}
}


@inproceedings{DBLP:conf/focs/BraunFPS12,
  author    = {G{\'a}bor Braun and
               Samuel Fiorini and
               Sebastian Pokutta and
               David Steurer},
  title     = {Approximation Limits of Linear Programs (Beyond Hierarchies)},
  booktitle = {FOCS},
  year      = {2012},
  pages     = {480-489},
  ee        = {http://doi.ieeecomputersociety.org/10.1109/FOCS.2012.10},
  crossref  = {DBLP:conf/focs/2012},
  bibsource = {DBLP, http://dblp.uni-trier.de}
}
@proceedings{DBLP:conf/focs/2012,
  title     = {53rd Annual IEEE Symposium on Foundations of Computer Science,
               FOCS 2012, New Brunswick, NJ, USA, October 20-23, 2012},
  booktitle = {FOCS},
  publisher = {IEEE Computer Society},
  year      = {2012},
  isbn      = {978-1-4673-4383-1},
  ee        = {http://ieeexplore.ieee.org/xpl/mostRecentIssue.jsp?punumber=6374356},
  bibsource = {DBLP, http://dblp.uni-trier.de}
}

@inproceedings{DBLP:conf/innovations/BarakKS13,
  author    = {Boaz Barak and
               Guy Kindler and
               David Steurer},
  title     = {On the optimality of semidefinite relaxations for average-case
               and generalized constraint satisfaction},
  booktitle = {ITCS},
  year      = {2013},
  pages     = {197-214},
  ee        = {http://doi.acm.org/10.1145/2422436.2422460},
  crossref  = {DBLP:conf/innovations/2013},
  bibsource = {DBLP, http://dblp.uni-trier.de}
}
@proceedings{DBLP:conf/innovations/2013,
  editor    = {Robert D. Kleinberg},
  title     = {Innovations in Theoretical Computer Science, ITCS '13, Berkeley,
               CA, USA, January 9-12, 2013},
  booktitle = {ITCS},
  publisher = {ACM},
  year      = {2013},
  isbn      = {978-1-4503-1859-4},
  ee        = {http://dl.acm.org/citation.cfm?id=2422436},
  bibsource = {DBLP, http://dblp.uni-trier.de}
}


@Article{BCC96,
  author = 	 {E. Balas and S. Ceria and G. Cornu{\'e}jols},
  title = 	 {Mixed 0-1 programming by lift-and-project in a branch-and-cut framework},
  journal = 	 {Management Science},
  year = 	 1996,
  volume =	 42,
  number =	 9,
  pages =	 {1229-1246}
}

@article{BCQW95,
author = {S.~C. Boyd and  W.~H. Cunningham and  M. Queyranne and  Y. Wang},
 journal = siam-opt,
VOLUME = 5,
NUMBER = 2,
pages = {408-420},
year = 1995
}



@Article{BEHS99,
  author = 	 {Bockmayr, A. and Eisenbrand, F. and Hartmann, M.~E. and Schulz, A.~S.},
  title = 	 {On the {C}hv{\'a}tal Rank of Polytopes in the 0/1 Cube},
  journal = 	 dam,
  year = 	 1999,
  volume =	 98,
  pages =	 {21-27}
}




@Article{BL98,
  author = 	 {Imre B{\'a}r{\'a}ny and  David G. Larman},
  title = 	 {The convex hull of the integer points in a large ball},
  journal = 	 {Mathematische Annalen},
  year = 	 1998,
  volume =	 312,
  number =	 1,
  pages =	 {167-181},
  annote =	 {.pdf BL98.pdf.gz}
}

@TechReport{BP00,
  author = 	 {E. Balas and M. Perregaard},
  title = 	 {A precise correspondence between lift-and-project cuts, simple disjunctive cuts, and mixed integer {G}omory cuts for 0-1 programming},
  institution =  {Carnegie Mellon University},
  year = 	 2000,
  annote =	 {.ps file BP00.ps}
}

@TechReport{BP00b,
  author = 	 {E. Balas and M. Perregaard},
  title = 	 {Lift-and-project  for mixed 0-1 programming:{R}ecent progress},
  institution =  {Carnegie Mellon University},
  year = 	 2000
}


@Article{BSD93,
  author = 	 {E. Bach and J. Driscoll and J. Shallit},
  title = 	 {Factor refinement},
  journal = 	 jal,
  year = 	 1993,
  volume =	 15,
  pages =	 {199-222}
}


@article {BSS89,
    AUTHOR = {Blum, Lenore and Shub, Mike and Smale, Steve},
     TITLE = {On a theory of computation and complexity over the real
              numbers: {N}{P}-completeness, recursive functions and
              universal machines},
  JOURNAL = {American Mathematical Society. Bulletin. New Series},
    VOLUME = 21,
      YEAR = 1989,
    NUMBER = 1,
     PAGES = {1--46},
}

@article {BaLit99,
    AUTHOR = {Banaszczyk, Wojciech and Litvak, Alexander E. and Pajor, Alain
              and Szarek, Stanislaw J.},
     TITLE = {The flatness theorem for nonsymmetric convex bodies via the
              local theory of {B}anach spaces},
    JOURNAL = {Mathematics of Operations Research},
    VOLUME = {24},
      YEAR = {1999},
    NUMBER = {3},
     PAGES = {728--750},
      ISSN = {0364-765X},
   MRCLASS = {52C07 (46N10 90C10)},
  MRNUMBER = {2002k:52019},
MRREVIEWER = {Konrad J. Swanepoel},
}

@TechReport{Balas01b,
  author = 	 {Balas, E.},
  title = 	 {Projection and lifting in combinatorial optimization},
  institution =  {CMU},
  year = 	 2001,
  annote =	 {.pdf file ProjectionandLifting.pdf }
}


@ARTICLE{BalasCeriaCornuejols93b,
  AUTHOR =	 {E. Balas and S. Ceria and G. Cornu{\'e}jols},
  JOURNAL =	 mp,
  ORGANIZATION = {{ACM SIAM}},
  PAGES =	 {295-324},
  TITLE =	 {A lift-and-project cutting plane algorithm for mixed
                  0-1 programs},
  VOLUME =	 {58},
  YEAR =	 {1993}
}

@Article{BalasOosten98,
  author = 	 {E. Balas and M. Oosten},
  title = 	 {On the dimension of projected polyhedra},
  journal = 	 dam,
  year = 	 1998,
  volume =	 87,
  pages =	 {1--9}
}

@article {MR769400,
    AUTHOR = {Balinski, M. L.},
     TITLE = {The {H}irsch conjecture for dual transportation polyhedra},
   JOURNAL = {Math. Oper. Res.},
  FJOURNAL = {Mathematics of Operations Research},
    VOLUME = {9},
      YEAR = {1984},
    NUMBER = {4},
     PAGES = {629--633},
      ISSN = {0364-765X},
   MRCLASS = {90B10 (05C35 52A25)},
  MRNUMBER = {769400 (86c:90038)},
MRREVIEWER = {E. Gabowitsch},
       DOI = {10.1287/moor.9.4.629},
       URL = {http://dx.doi.org/10.1287/moor.9.4.629},
}

@TechReport{Barahona2002,
  author = 	 {Barahona, F.},
  title = 	 {Fractional Packing of $T$-joins},
  institution =  {Optimization Online},
  year = 	 2002,
  month =	 {June},
  note =	 { http://www.optimization-online.org/DB\_HTML/2002/06/493.html},
  annote =	 {.pdf: Barahona2002.pdf}
}

@article {Barahona93,
    AUTHOR = {Barahona, Francisco},
     TITLE = {On cuts and matchings in planar graphs},
    JOURNAL = {Mathematical Programming},
    VOLUME = 60,
      YEAR = 1993,
    NUMBER = {1, Ser. A},
     PAGES = {53--68},
      ISSN = {0025-5610},
     CODEN = {MHPGA4},
  MRNUMBER = {94e:90078},
MRREVIEWER = {H. T. Lau},
}

@article {Barahona93b,
    AUTHOR = {Barahona, Francisco},
     TITLE = {Reducing matching to polynomial size linear programming},
  JOURNAL = {SIAM Journal on Optimization},
    VOLUME = {3},
      YEAR = {1993},
    NUMBER = {4},
     PAGES = {688--695},
      ISSN = {1052-6234},
     CODEN = {SJOPE8},
   MRCLASS = {90C27 (05C70 05C85 90C05)},
  MRNUMBER = {94h:90038},
}


@article {BarahonaMahjoub86,
    AUTHOR = {Barahona, Francisco and Mahjoub, Ali Ridha},
     TITLE = {On the cut polytope},
  JOURNAL = {Mathematical Programming},
    VOLUME = 36,
      YEAR = 1986,
    NUMBER = 2,
     PAGES = {157--173}
}

@ARTICLE{BaranyHoweLovasz92,
  AUTHOR =	 {I. B{\'a}r{\'a}ny and R. Howe and L. Lov{\'a}sz},
  JOURNAL =	 comb,
  NUMBER =	 {2},
  PAGES =	 {135-142},
  TITLE =	 {On integer points in polyhedra: {A} lower bound},
  VOLUME =	 {12},
  YEAR =	 {1992}
}


@Book{Barvinok02a,
    AUTHOR = {Barvinok, Alexander},
     TITLE = {A course in convexity},
    SERIES = {Graduate Studies in Mathematics},
    VOLUME = {54},
 PUBLISHER = {American Mathematical Society},
   ADDRESS = {Providence, RI},
      YEAR = {2002},
     PAGES = {x+366},
      ISBN = {0-8218-2968-8},
   MRCLASS = {52-02 (49N15 52-01 90-02 90C05 90C22 90C25)},
  MRNUMBER = {1940576 (2003j:52001)},
MRREVIEWER = {P. McMullen},
}



@Unpublished{Barvinok95,
  author = 	 {A. Barvinok},
  title = 	 {Combinatorial theory of polytopes with applications to Optimization},
  note = 	 {course notes},
  year =	 1995,
  annote =	 {.ps file: Barvinok95.ps.gz}
}

@Unpublished{Barvinok96,
  author = 	 {A. Barvinok},
  title = 	 {Lattice points in geometry, combinatorics  and optimization},
  note = 	 {course notes},
  year =	 1996,
  annote =	 {.ps file: Barvinok96.ps.gz}
}


@Unpublished{Barvinok98,
  author = 	 {A. Barvinok},
  title = 	 {Convexity, duality and optimization},
  note = 	 {course notes},
  year =	 1998,
  annote =	 {.ps file: Barvinok98.ps.gz}
}



@incollection {BarvinokPommersheim99,
    AUTHOR = {A. Barvinok and J.~E. Pommersheim},
     TITLE = {An algorithmic theory of lattice points in polyhedra},
 BOOKTITLE = {New perspectives in algebraic combinatorics (Berkeley, CA,
              1996--97)},
     PAGES = {91--147},
 PUBLISHER = {Cambridge Univ. Press},
   ADDRESS = {Cambridge},
      YEAR = 1999,
   MRCLASS = {52C07 (05A15)},
  MRNUMBER = {2000k:52014},
  annote   = { .ps BarvinokPommersheim99.ps }
}


@article {BergeMartinet1989,
    AUTHOR = {Berg{\'e}, Anne-Marie and Martinet, Jacques},
     TITLE = {Sur un probl{\`e}me de dualit{\'e} li{\'e} aux sph{\`e}res en
              g{\'e}om{\'e}trie des nombres},
  JOURNAL = {Journal of Number Theory},
    VOLUME = {32},
      YEAR = {1989},
    NUMBER = {1},
     PAGES = {14--42},
      ISSN = {0022-314X},
     CODEN = {JNUTA9},
   MRCLASS = {11H55 (11H50)},
  MRNUMBER = {90g:11088},
MRREVIEWER = {Rudolf Scharlau},
annote = {The authors give tight bounds for packing*covering in small dimension}
}

@article {MR2424454,
    AUTHOR = {Bienstock, Daniel},
     TITLE = {Approximate formulations for 0-1 knapsack sets},
   JOURNAL = {Oper. Res. Lett.},
  FJOURNAL = {Operations Research Letters},
    VOLUME = {36},
      YEAR = {2008},
    NUMBER = {3},
     PAGES = {317--320},
      ISSN = {0167-6377},
     CODEN = {ORLED5},
   MRCLASS = {90C10 (90C09 90C27)},
  MRNUMBER = {2424454 (2009i:90086)},
       DOI = {10.1016/j.orl.2007.09.003},
       URL = {http://dx.doi.org/10.1016/j.orl.2007.09.003},
}

@InProceedings{BockmayrEisenbrand2000,
  author = 	 {A. Bockmayr and F. Eisenbrand},
  title = 	 {Combining Logic and optimization in cutting plane theory},
  booktitle = 	 {Frontiers of Combining Systems, FroCoS 2000},
  pages =	 {1-17},
  year =	 2000,
  editor =	 {H. Kirchner and C. Ringeissen},
  series =	 {LNAI 1794},
  publisher =	 {Springer},
  note =	 {invited paper}
}






@TECHREPORT{BockmayrEisenbrand97,
  AUTHOR =	 {Bockmayr, A. and Eisenbrand, F.},
  INSTITUTION =	 {Max-Planck-Institut f{\"u}r Informatik},
  MONTH =	 {September},
  NUMBER =	 {MPI-I-97-2-009},
  TITLE =	 {On the {C}hv{\'a}tal Rank of Polytopes in the 0/1 Cube},
  TYPE =	 {Research Report},
  YEAR =	 {1997},
  ISSN =	 {0946-011X}
}


@Article{BockmayrEisenbrand99,
  author = 	 {A. Bockmayr and F. Eisenbrand},
  title = 	 {Cutting planes and the elementary closure in fixed dimension},
  journal = 	 mor,
  year = 	 2001,
  volume =	 26,
  number =	 2,
  pages =	 {304--312}
}


@Article{BoydPulleyblank91,
  author =       "S.~C. Boyd and W.~R. Pulleyblank",
  title =        "Optimizing over the subtour polytope of the travelling
                 salesman problem",
  journal =      mp,
  year =         "1991",
  volume =       "49",
  pages =        "163--187",
}

@Article{BuchmannEisenbrand99,
  author = 	 {J. Buchmann and F. Eisenbrand},
  title = 	 {On Factor Refinement in Number Fields},
  journal = 	 {Mathematics of Computation},
  year = 	 1999,
  volume =	 68,
  number =	 225,
  pages =	 {345-350}
}

@Article{CCMW98,
  author = 	 {S. Ceria and C.  Cordier and H. Marchand and L.~A. Wolsey },
  title = 	 {Cutting planes for integer programs with general integer variables},
  journal = 	 mp,
  year = 	 1998,
  volume =	 {81B},
  number =	 2,
  pages =	 {201-214}
}

@Article{CFN85,
  author = 	 {G. Cornu{\'e}jols and J. Fonlupt and D. Naddef},
  title = 	 {The traveling salesman problem on a graph and some related integer polyhedra},
  journal = 	 mp,
  year = 	 1985,
  volume =	 33,
  pages =	 {1-27}
}




@Article{CS89,
  author = 	 {K. L. Clarkson and P. W. Shor},
  title = 	 {Applications of random sampling in computational gemoetry, II},
  journal = 	 dcg,
  year = 	 1989,
  volume =	 4,
  pages =	 {387-421}
}

@Article{CS99,
  author = 	 {F. Cucker and S. Smale},
  title = 	 {Complexity estimates depending on condition and round-off error},
  journal = 	 jacm,
  year = 	 1999,
  volume =	 46,
  number =	 1,
  pages =	 {113-184 },
  annote =	 {.pdf p113-cucker.pdf.gz }
}


@InProceedings{CW94,
  author = 	 {Samit Chaudhuri and Robert A. Walker},
  title = 	 {ILP-Based Scheduling with Time and Resource Constraints in High-Level Synthesis},
  booktitle = 	 {Proceedings of the 7th International Conference on VLSI Design},
  pages =	 {17-25},
  year =	 1994,
  organization = {VLSI Society of India / ACM / IEEE},
  annote =	 {.pdf File CW94.pdf}
}




@InProceedings{CWM93,
  author = 	 {Chaudhuri, S and  Walker, R.A.  and Mitchell, J.E. },
  title = 	 {The Structure of Assignment, Precedence, and Resource Constraints in the ILP Approach to the Scheduling Problem},
  booktitle = 	 {Proceedings of the 1993 International Conference on Computer Design},
  pages =	 {25-29},
  year =	 1993,
  organization = {IEEE},
  annote =	 {.pdf file CWM93.pdf}
}

@Article{CWM94,
  author =       {Chaudhuri, S and  Walker, R.A.  and Mitchell, J.E. },
  title =        {Analyzing and Exploiting the Structure of the
                 Constraints in the {ILP} Approach to the Scheduling
                 Problem},
  year =         "1994",
  month =        dec,
  journal =      "IEEE Transactions on VLSI",
  volume =       "2",
  pages =        "456--471",
  annote = {.ps file: CWM94.ps}
}

@article{CapFis96,
  author =	 {A. Caprara and M. Fischetti},
  title =	 {$\{0, \frac{1}{2}\}$-{C}hv{\'a}tal-{G}omory Cuts},
  journal =	 {Mathematical Programming},
  pages =	 {221-235},
  year =	 1996,
  volume = 74
}



@article {CapLet01,
    AUTHOR = {Caprara, Alberto and Letchford, Adam N.},
     TITLE = {On the separation of split cuts and related inequalities},
      NOTE = {The Aussois 2000 Workshop in Combinatorial Optimization},
    JOURNAL = {Mathematical Programming. A Publication of the Mathematical
              Programming Society},
    VOLUME = {94},
      YEAR = {2003},
    NUMBER = {2-3, Ser. B},
     PAGES = {279--294},
      ISSN = {0025-5610},
   MRCLASS = {90C27 (90C10)},
  annote =	 {.ps file: CapraraLetchfordSplit01.ps }
 }




@Article{CapraraFischettiLetchford00,
  author = 	{A. Caprara and M. Fischetti and A.~N. Letchford},
  title = 	 {On the separation of maximally violated mod-$k$ cuts},
  journal = 	 mp,
  year = 	 2000,
  volume =	 87,
  number = 1,
  pages =	 {37-56}
}


@Article{Chvatal73a,
  author = 	 {V. Chv{\'a}tal},
  title = 	 {Edmonds polytopes and weakly hamiltonian graphs},
  journal = 	 mp,
  year = 	 1973,
  volume =	 5,
  pages =	 {29-40}
}



@Article{Chvatal75,
  author = 	 {Chv{\'a}tal, V.},
  title = 	 {On certain polytopes associated with graphs},
  journal = 	 jcthb,
  year = 	 1975,
  volume =	 18,
  pages =	 {138-154}
}

@Article{Clarkson95,
  author = 	 {K.~L. Clarkson},
  title = 	 {Las {V}egas algorithms for linear and integer programming when the dimension is small},
  journal = 	 jacm,
  year = 	 1995,
  key =		 2,
  volume =	 42,
  pages =	 {488-499},
  annote =	 {.pdf Clarkson95.pdf}
}



@article {ConwaySloane1994,
    AUTHOR = {Conway, J. H. and Sloane, N. J. A.},
     TITLE = {On lattices equivalent to their duals},
  FJOURNAL = {Journal of Number Theory},
    VOLUME = {48},
      YEAR = {1994},
    NUMBER = {3},
     PAGES = {373--382},
      ISSN = {0022-314X},
     CODEN = {JNUTA9},
   MRCLASS = {11H55 (11H31)},
  MRNUMBER = {95j:11063},
MRREVIEWER = {Rudolf Scharlau},
annote     = {I was interested in this paper because they metion bounds for
              SV(L) * SV(L^*), the Berge-Martinet constant}
}

@Article{CookDash01,
  author = 	 {W.~J. Cook and S. Dash},
  title = 	 {On the matrix-cut rank of polyhedra},
  journal = 	 mor,
  year = 	 2001,
  volume =	 26,
  number =	 1,
  pages =	 {19--30}
}



 @Article{Letchford00,
  author = 	 {A.N. Letchford},
  title = 	 {Separating a superclass of comb inequalities in planar graphs},
  journal = 	 mor,
  year = 	 2000,
  note =	 {to appear},
  annote =       {.dvi file: Letchford00.dvi.gz}
}

@TechReport{CookDash99,
  author = 	 {W. J. Cook and S. Dash},
  title = 	 {On the matrix-cut rank of polyhedra},
  institution =  {Forschungsinstitut f{\"u}r Diskrete Mathematik, Bonn, Germany},
  year = 	 1999,
  number =	 99888,
  note =	 {{\tt{http://www.caam.rice.edu/{\textasciitilde}bico/}}}
}


@ARTICLE{CookHartmannKannanMcDiarmid92,
  AUTHOR =	 {W. Cook and M.~E. Hartmann and R. Kannan and
                  C. McDiarmid},
  JOURNAL =	 comb,
  NUMBER =	 {1},
  PAGES =	 {27 -37},
  TITLE =	 {On integer points in polyhedra},
  VOLUME =	 {12},
  YEAR =	 {1992}
}


@Unpublished{CornuejolsLiRecogSplit01,
  author = 	 {Cornu{\'e}jols, G. and Li Y.},
  title = 	 {Recognition and Separation of {C}hv{\'a}tal and  Disjunctive Cuts},
  note = 	 {Manuscript},
  annote =	 {.ps file: recog.ps}
}
@article {MR2002j:90039,
    AUTHOR = {Cornu{\'e}jols, G{\'e}rard and Li, Yanjun},
     TITLE = {On the rank of mixed 0,1 polyhedra},
   JOURNAL = {Math. Program.},
  FJOURNAL = {Mathematical Programming. A Publication of the Mathematical
              Programming Society},
    VOLUME = {91},
      YEAR = {2002},
    NUMBER = {2, Ser. A},
     PAGES = {391--397},
      ISSN = {0025-5610},
   MRCLASS = {90C09 (90C11 90C57)},
  MRNUMBER = {2002j:90039},
}
@article {MR2002e:90051,
    AUTHOR = {Cornu{\'e}jols, G{\'e}rard and Li, Yanjun},
     TITLE = {Elementary closures for integer programs},
   JOURNAL = {Oper. Res. Lett.},
  FJOURNAL = {Operations Research Letters},
    VOLUME = {28},
      YEAR = {2001},
    NUMBER = {1},
     PAGES = {1--8},
      ISSN = {0167-6377},
     CODEN = {ORLED5},
   MRCLASS = {90C10 (90C57)},
  MRNUMBER = {2002e:90051},
MRREVIEWER = {Panos M. Pardalos},
}



@Article{DFV97,
  author = 	 {H. Daud{\'e} and P.  Flajolet and  B. Vall{\'e}e},
  title = 	 {An average-case analysis of the {G}aussian algorithm for lattice reduction},
  journal = 	 {Comb. Probab. Comput.},
  year = 	 1997,
  volume =	 6,
  number =	 4,
  pages =	 {397-433},
  annote =	 {.pdf : DFV97.pdf.gz  }
}



@InProceedings{DHJ99,
  author = 	 {A. Durand and M. Hermann and L. Juban},
  title = 	 {On the complexity of recognizing the {H}ilbert basis of a linear diophantine system},
  booktitle = 	 {MFCS'99},
  pages =	 {92-102},
  year =	 1999,
  volume =	 1672,
  series =	 {LNCS},
  publisher =	 {Springer},
  annote    = { .ps: miki.ps,  paper has error}
}



@article{DKT87,
author = {P.D. Domich and  R. Kannan and  L.~E. Trotter},
title = "{Hermite normal form computation using modulo determinant arithmetic.}",
journal = mor,
volume = 12,
number = 1,
pages = {50-59},
year= 1987,
}


@Article{Dirichlet48,
  author = 	 {G.~L. Dirichlet},
  title = 	 {{{\"U}}ber die {R}eduktion der positiven quadratischen {F}ormen mit drei unbestimmten ganzen {Z}ahlen},
  journal = 	 crelle,
  year = 	 1850,
  volume =	 40,
  pages =	 {209-227}
}

@Article{Dyer91,
  author = 	 {M. Dyer},
  title = 	 {On counting lattice points in polyhedra},
  journal = 	 siam-comp,
  year = 	 1991,
  volume =	 20,
  number =	 4,
  pages =	 {695-707}
}




@inproceedings{EFGK03,
 author = {Friedrich Eisenbrand and Stefan Funke and Naveen Garg and Jochen K{\"o}nemann},
 title = {A combinatorial algorithm for computing a maximum independent set in a t-perfect graph},
 booktitle = {Proceedings of the fourteenth annual ACM-SIAM symposium on Discrete algorithms},
 year = {2003},
 isbn = {0-89871-538-5},
 pages = {517--522},
 location = {Baltimore, Maryland},
 publisher = {Society for Industrial and Applied Mathematics},
 }

@Unpublished{EL03,
  author = 	 {F. Eisenbrand and S. Laue},
  title = 	 {A faster algorithm for two-variable integer programming},
  note = 	 {manuscript, {\tt http://www.mpi-sb.mpg.de/{\textasciitilde}eisen/2ip.ps.gz}}
}

@InProceedings{ERV02,
  author = 	 {Eisenbrand, Friedrich and Rinaldi, Giovanni and Ventura, Paolo},
  title = 	 {0/1 optimization and 0/1 primal separation are equivalent},
  booktitle = 	 {Proceedings of the thirteenth annual ACM-SIAM symposium on discrete algorithms},
  pages =	 {920-926},
  year =	 2002
}



@article {Eisen00,
    AUTHOR = {Eisenbrand, Friedrich},
     TITLE = {Short vectors of planar lattices via continued fractions},
    JOURNAL = {Information Processing Letters},
    VOLUME = {79},
      YEAR = {2001},
    NUMBER = {3},
     PAGES = {121--126}
  }


@book {MR2724357,
    AUTHOR = {Tun{\c{c}}el, Levent},
     TITLE = {Polyhedral and semidefinite programming methods in
              combinatorial optimization},
    SERIES = {Fields Institute Monographs},
    VOLUME = {27},
 PUBLISHER = {American Mathematical Society},
   ADDRESS = {Providence, RI},
      YEAR = {2010},
     PAGES = {x+219},
      ISBN = {978-0-8218-3352-0},
   MRCLASS = {90-02 (05C85 68W25 90C05 90C20 90C22 90C27 90C57)},
  MRNUMBER = {2724357 (2011j:90005)},
MRREVIEWER = {Alexander I. Barvinok},
}

@article{DBLP:journals/eccc/ECCC-TR97-038,
  author    = {Johan H{\aa}stad},
  title     = {Clique is hard to approximate within n$^{\mbox{1-epsilon}}$},
  journal   = {Electronic Colloquium on Computational Complexity (ECCC)},
  volume    = {4},
  number    = {38},
  year      = {1997},
  ee        = {http://eccc.hpi-web.de/eccc-reports/1997/TR97-038/index.html},
  bibsource = {DBLP, http://dblp.uni-trier.de}
}


@incollection {MR2780075,
    AUTHOR = {Mathieu, Claire and Sinclair, Alistair},
     TITLE = {Sherali-{A}dams relaxations of the matching polytope},
 BOOKTITLE = {S{TOC}'09---{P}roceedings of the 2009 {ACM} {I}nternational
              {S}ymposium on {T}heory of {C}omputing},
     PAGES = {293--302},
 PUBLISHER = {ACM},
   ADDRESS = {New York},
      YEAR = {2009},
   MRCLASS = {90C10 (05C85 90C57)},
  MRNUMBER = {2780075 (2012g:90117)},
}

@Article{EisenSchulz03,
  author = 	 {F.  Eisenbrand  and A.~S.  Schulz},
  title = 	 {Bounds on the {C}hv{\'a}tal Rank of Polytopes in the 0/1~Cube},
  journal = 	 {Combinatorica},
  year = 	 2003,
  note =	 {to appear}
}


@InProceedings{EisenSchulz98,
  author = 	 {F.  Eisenbrand  and A.~S.  Schulz},
  title = 	 {Bounds on the {C}hv{\'a}tal Rank of Polytopes in the 0/1~Cube},
  booktitle = 	 {Integer Programming and Combinatorial Optimization, IPCO 99},
  pages =	 {137-150},
  year =	 1999,
  editor =	 {G. Cornu{\'e}jols and R.~E. Burkard and G.~J. Woeginger},
  publisher =	 {Springer, LNCS 1610},
  annote    =    {pdf file: EisenSchulz98.pdf}
}

@PhdThesis{Eisenbrand00c,
  author = 	 {F. Eisenbrand},
  title = 	 {Gomory-Chv{\'a}tal Cutting Planes and the Elementary Closure of Polyhedra},
  school = 	 {Universit{\"a}t des Saarlandes},
  year = 	 2000,
  month =	 {July}
}



@InProceedings{Eisenbrand2003,
  author = 	 {F. Eisenbrand},
  title = 	 {Fast integer programming in fixed dimension},
  booktitle = 	 {In Proceedings of the 11th Annual European Symposium on Algorithms, ESA' 2003},
  pages =	 {196-207},
  year =	 2003,
  editor =	 {G. Di~Battista and U. Zwick},
  volume =	 2832,
  series =	 {LNCS},
  publisher =	 {Springer}
}


@Article{Eisenbrand99,
  author = 	 {F. Eisenbrand},
  title = 	 {On the membership problem for the elementary closure of a polyhedron},
  journal = 	 {Combinatorica},
  year = 	 1999,
  volume =	 19,
  number =	 2,
  pages =	 {297-300}
}


@InProceedings{EisenbrandRote00,
  author = 	 {F. Eisenbrand and  G. Rote},
  title = 	 {Fast 2-variable integer programming},
  booktitle = 	 {Integer Programming and Combinatorial Optimization, IPCO 2001},
  pages =	 {78-89},
  year =	 2001,
  editor =	 {Aardal, K. and Gerards, B.},
  volume =	 2081,
  series =	 {LNCS},
  publisher =	 {Springer}
}




@InProceedings{EisenbrandRote01a,
  author = 	 {F. Eisenbrand and G. Rote},
  title = 	 {Fast reduction of ternary quadratic forms},
  booktitle = 	 {Cryptography and Lattices Conference,  CALC~2001},
  pages =	 {32-44},
  year =	 2001,
  editor =	 {Silverman, J.},
  volume =	 2146,
  series =	 {LNCS},
  publisher =	 {Springer}
}




@article {FS94,
    AUTHOR = {Frank, Andr{\'a}s and Szigeti, Zolt{\'a}n},
     TITLE = {On packing ${T}$-cuts},
   JOURNAL = {J. Combin. Theory Ser. B},
  FJOURNAL = {Journal of Combinatorial Theory. Series B},
    VOLUME = {61},
      YEAR = {1994},
    NUMBER = {2},
     PAGES = {263--271},
      ISSN = {0095-8956},
     CODEN = {JCBTB8},
   MRCLASS = {05C70 (90C35)},
  MRNUMBER = {96c:05133},
MRREVIEWER = {Richard D. Ringeisen},
}




@Article{Feit84,
  author = 	 {S.~D. Feit},
  title = 	 {A fast algorithm for the two-variable integer programming problem},
  journal = 	 jacm,
  year = 	 1984,
  volume =	 31,
  number =	 1,
  pages =	 {99-113}
}


@article {Fleischer,
    AUTHOR = {Fleischer, Lisa K.},
     TITLE = {Approximating fractional multicommodity flow independent of
              the number of commodities},
    JOURNAL = {SIAM Journal on Discrete Mathematics},
    VOLUME = {13},
      YEAR = {2000},
    NUMBER = {4},
     PAGES = {505--520},
     annote = {.ps file: Fleischer00.ps}
}



@Article{Fleischer98,
  author =       "L. Fleischer",
  title =        "Building Chain and Cactus Representations of All
                 Minimum Cuts from Hao-Orlin in the Same Asymptotic Run
                 Time",
  journal =      "Lecture Notes in Computer Science",
  volume =       1412,
  pages =        "294--??",
  year =         1998,
  annote =	 {ps file of journal version}
}


@Article{FleischerTardos96,
  author =       "L. Fleischer and E. Tardos",
  title =        "Separating Maximally Violated Comb Inequalities in
                 Planar Graphs",
  journal =      "Lecture Notes in Computer Science",
  volume =       "1084",
  pages =        "475--489",
  year =         "1996",
  coden =        "LNCSD9",
   annote =	 {ps file of conference version}
}

@Article{FrankTardos87,
  title =        "An application of simultaneous {D}iophantine
                 approximation in combinatorial optimization",
  author =       "A. Frank and {\'{E}}. Tardos",
  journal =      "Combinatorica",
  volume =       7,
  year =         1987,
  pages =        "49--65",
}




@Article{GKL95,
  author = 	 {P. Gritzmann and V. Klee and D. Larman},
  title = 	 {Largest $j$-simplices in $n$-polytopes},
  journal = 	 dcg,
  year = 	 1995,
  volume =	 13,
  pages =	 {477-515}
}



@InProceedings{GargKoenemann98,
  author = 	 {Garg, N. and K{\"o}nemann, J.},
  title = 	 {Faster and Simpler Algorithms for Multicommodity Flow and other Fractional Packing Problems},
  booktitle = 	 {Proceedings of the     39th Annual IEEE Computer Society Conference on Foundations of Computer Science},
  year =	 1998,
  annote =	 {.ps file: GargKoenemann98.ps}
}


@Article{Gashkov98,
  author = 	 {S. B. Gashkov},
  title = 	 {A simplified substantiation of the {M}iller-{R}abin primality test},
  journal = 	 dma,
  year = 	 1998,
  volume =	 8,
  number =	 6,
  pages =	 {545-548}
}


@Misc{GathenGerhardSolutions,
  author =	 {von~zur~Gathen, J. and Gerhard, J },
  title =	 {Solutions to selected exercies of Modern Computer Algebra}
}


@Article{Gauss40,
  author = 	 {C.~F. Gau{\ss}},
  title = 	 {Recension der ,,{U}ntersuchungen {\"u}ber die {E}igen\-schaften der positiven tern{\"a}ren qua\-dra\-tischen {F}ormen von {L}udwig {A}ugust {S}eeber''},
  journal = 	 crelle,
  year = 	 1840,
  volume =	 20,
  note =	 {reprint},
  pages =	 {312-320}
}





@TechReport{Geelen97,
  author = 	 {J.~F. Geelen},
  title = 	 {An algebraic matching algorithm},
  institution =  {Dept. of Combinatorcis and Optimization, University of Waterloo},
  year = 	 1997
}

@Article{GerardsSchrijver86,
  author = {A.~M.~H. Gerards    and  A. Schrijver},
  title = {Matrices with the {E}dmonds-{J}ohnson property.},
  journal = comb,
  volume = 6,
  pages = "365-379",
  year =         1986,
}



@InProceedings{GiesbrechtLoboSaunders98,
  author =       "M. Giesbrecht and A. Lobo and B. D. Saunders",
  title =        "Certifying inconsistency of sparse linear systems",
  editor =       "Oliver Gloor",
  booktitle =    "{ISSAC 98}: Proceedings of the 1998 International
                 Symposium on Symbolic and Algebraic Computation, August
                 13--15, 1998, University of Rostock, Germany",
  publisher =    "ACM Press",
  year =         1998,
  pages =        "113--119",
  year =         1998,
 annote =	 {.ps file  GiesbrechtLoboSaunders98.ps.gz}
}





@Article{Goemans98,
  author = 	 {M.X. Goemans},
  title = 	 {Semidefinite programming and combinatorial optimization},
  journal = 	 {Doc. Math., J. DMV},
  year = 	 1998,
  note =	 {Extra Vol. ICM III},
  annote =	 {.dvi: Goemans98.dvi.gz}
}





@Article{Goldberg19,
  author = 	 {A.V. Goldberg},
  title = 	 {Scaling Algorithms for the Shortest Paths Problem},
  journal = 	 siam-comp,
  year = 	 1995,
  volume =	 24,
  number =	 3,
  pages =	 {494-504},
  annote =	 {shortest paths problem, graph theory,networks, scaling }
}




@article {GroetschelPulleyblank81,
    AUTHOR = {Gr{\"o}tschel, M. and Pulleyblank, W. R.},
     TITLE = {Weakly bipartite graphs and the max-cut problem},
  JOURNAL = {Operations Research Letters},
    VOLUME = 1,
      YEAR = {1981/82},
    NUMBER = 1,
     PAGES = {23--27},
     ANNOTE = {.ps GroetschelPulleyblank81.ps}
}




@InProceedings{GuptaEtAl01,
  author =       "Gupta and Kleinberg and Kumar and Rastogi and Yener",
  title =        "Provisioning a Virtual Private Network: {A} Network
                 Design Problem for Multicommodity Flow",
  booktitle =    "STOC: ACM Symposium on Theory of Computing (STOC)",
  year =         "2001",
}

@article {Gus90,
    AUTHOR = {Gusfield, Dan},
     TITLE = {Very simple methods for all pairs network flow analysis},
  JOURNAL = {SIAM Journal on Computing},
    VOLUME = {19},
      YEAR = {1990},
    NUMBER = {1},
     PAGES = {143--155},
    ANNOTE = {A very nice paper}
}



@InProceedings{HHW95,
  author = 	 {T.A. Henzinger and P.-H. Ho and H. Wong-Toi},
  title = 	 {{H}y{T}ech: {T}he next generation},
  booktitle = 	 {Proceedings of the 16-th Annual IEEE Real-time  Systems Symposium},
  pages =	 {56-65},
  year =	 1995,
  publisher =	 {IEEE Computer Society Press}
}

@Article{HJLS89,
    AUTHOR = {H{\aa}stad, J. and Just, B. and Lagarias, J. C. and Schnorr,
              C.-P.},
     TITLE = {Polynomial time algorithms for finding integer relations among
              real numbers},
  FJOURNAL = {SIAM Journal on Computing},
    VOLUME = 18,
      YEAR = 1989,
    NUMBER = 5,
     PAGES = {859--881},
}


@Article{HKL96,
  author = 	 {M. Hudelson and  V. Klee and D. Larman},
  title = 	 {Largest j-Simplices in d-Cubes: Some Relatives of the Hadamard Maximum Determinant Problem},
  journal = 	 laa,
  year = 	 1996,
  volume =	 {241-243},
  pages =	 {519-598 },
  annote =	 {electronically  HKL96.ps.gz }
}


@article {HSSW97,
    AUTHOR = {Hall, Leslie A. and Schulz, Andreas S. and Shmoys, David B.
              and Wein, Joel},
     TITLE = {Scheduling to minimize average completion time: off-line and
              on-line approximation algorithms},
    JOURNAL = {Mathematics of Operations Research},
    VOLUME = {22},
      YEAR = {1997},
    NUMBER = {3},
     PAGES = {513--544},
      ISSN = {0364-765X},
   MRCLASS = {90B35 (90C05 90C27)},
  MRNUMBER = {98d:90058},
MRREVIEWER = {Edward J. Anderson},
}







@Article{HaaseZiegler00,
  author = 	 {C. Haase and G.M. Ziegler},
  title = 	 {On the maximal width of empty lattice simplices},
  journal = 	 {European J. Combinatorics},
  year = 	 2000,
  volume =	 21,
  pages =	 {111-119},
  annote =	 {.ps file  HaaseZiegler.ps.gz}
}


@article {Hadlock75,
    AUTHOR = {Hadlock, F.},
     TITLE = {Finding a maximum cut of a planar graph in polynomial time},
   JOURNAL = {SIAM J. Comput.},
    VOLUME = {4},
      YEAR = {1975},
    NUMBER = {3},
     PAGES = {221--225},
   MRCLASS = {},
  MRNUMBER = {52 \#196},
MRREVIEWER = {A. K. Dewdney},
}

@Article{HafnerMccurley91,
  author =       "James L. Hafner and Kevin S. McCurley",
  title =        "Asymptotically Fast Triangularization of Matrices over
                 Rings",
  journal =      siam-comp,
  volume =       "20",
  number =       "6",
  pages =        "1068--1083",
  month =        dec,
  year =         "1991",
}



@InProceedings{HartmannQueyranneWang99,
  author = 		 {M.~E. Hartmann and M. Queyranne and Y. Wang},
  title = 	 {On the {C}hv{\'a}tal rank of certain inequalities},
  booktitle = 	 {Integer Programming and Combinatorial Optimization, IPCO 99},
  pages =	 {218-233},
  year =	 1999,
  editor =	 {G. Cornu{\'e}jols and R.~E. Burkard and G.~J. Woeginger},
  publisher =	 {Springer, LNCS 1610}
}


@Article{Harvey99,
  author = 	 {Warwick Harvey},
  title = 	 {Computing two-dimensional integer hulls},
  journal = 	 siam-comp,
  year = 	 1999,
  volume =	 28,
  number =	 6,
  pages =	 {2285-2299},
  annote =	 {available as .ps harvey99.ps}
}
@ARTICLE{HayesLarman83,
  AUTHOR =	 {A. C. Hayes and D. G. Larman},
  JOURNAL =	 dam,
  PAGES =	 {135-138},
  TITLE =	 {The vertices of the knapsack polytope},
  VOLUME =	 {6},
  YEAR =	 {1983}
}



@Article{HecklerThiele98,
  AUTHOR = {C. Heckler  and  L. Thiele},
     TITLE = {Complexity analysis of a parallel lattice basis reduction
              algorithm},
  JOURNAL = {SIAM Journal on Computing},
    VOLUME = 27,
      YEAR = 1998,
    NUMBER = 5,
     PAGES = {1295--1302},
ANNOTE = {.pdf: HecklerThiele98.pdf   }
}



@article {Helfrich85,
    AUTHOR = {Helfrich, Bettina},
     TITLE = {Algorithms to construct {M}inkowski reduced and {H}ermite
              reduced lattice bases},
  JOURNAL = {Theoretical Computer Science},
    VOLUME = {41},
      YEAR = {1985},
    NUMBER = {2-3},
     PAGES = {125--139 (1986)},
      ISSN = {0304-3975},
     CODEN = {TCSDI},
   MRCLASS = {11Y16 (11H06 68Q25 90C10)},
  MRNUMBER = {MR847673 (87h:11124)},
MRREVIEWER = {A. K. Lenstra},
}


@Article{Henk97,
  author = 	 {M. Henk},
  title = 	 {Note on shortest and nearest lattice vectors},
  journal = 	 ipl,
  year = 	 1997,
  volume =	 61,
  number =	 4,
  pages =	 {183-188},
  annote =	 {nur als pdf: Henk97.pdf.gz}
}

@Article{Hermite50,
  author = 	 {Ch. Hermite},
  title = 	 {Extraits de lettres de {M}. {C}h. {H}ermite {\`a} {M}. {J}acobi sur diff{\'e}rents objets de la th{\'e}orie des nombres},
  journal = 	 crelle,
  year = 	 1850,
  volume =	 40
}





@Article{Howell86,
  author = 	 {J. A. Howell},
  title = 	 {Spans in the Module $({Z}_m)^s$},
  journal = 	 lma,
  year = 	 1986,
  volume =	 19,
  pages =	 {67-77}
}



@Article{HungRom90,
  author =       "Ming S. Hung and Walter O. Rom",
  title =        "An application of the {Hermite} normal form in integer
                 programming",
  journal =      "Linear Algebra and its Applications",
  volume =       "140",
  pages =        "163--179",
  year =         "1990",
  coden =        "LAAPAW",
  ISSN =         "0024-3795",
  mrclass =      "90C10 (15A21)",
  mrnumber =     "91m:90116",
  mrreviewer =   "Michael A. Trick",
  bibdate =      "Wed Jan 22 17:57:24 MST 1997",
  acknowledgement = ack-nhfb,
}



@InProceedings{Iwata:2000:CSP,
  author =       {Iwata, S. and Fleischer, L. and  Fujishige, S.},
  title =        "A combinatorial, strongly polynomial-time algorithm
                 for minimizing submodular functions",
  editor =       "{ACM}",
  booktitle =    "Proceedings of the 32nd annual {ACM}
                 Symposium on Theory of Computing",
  publisher =    "ACM Press",
  address =      "New York, NY, USA",
  year =         "2000",
  pages =        "97--106",
}


@InProceedings{Jain98a,
  author =       {K. Jain},
  title =        "A Factor 2 Approximation Algorithm for the Generalized
                 Steiner Network Problem",
  booktitle =    "FOCS: IEEE Symposium on Foundations of Computer
                 Science (FOCS)",
  year =         "1998",
}


@article {KKM2000,
    AUTHOR = {Kloks, Ton and Kratsch, Dieter and M{\"u}ller, Haiko},
     TITLE = {Finding and counting small induced subgraphs efficiently},
  JOURNAL = {Information Processing Letters},
    VOLUME = 74,
      YEAR = 2000,
    NUMBER = {3-4},
     PAGES = {115--121},
      ISSN = {0020-0190},
     CODEN = {IFPLAT},
   MRCLASS = {05C85 (68R10)},
  MRNUMBER = {2001a:05142},
  annote =  {KloksKratschMueller00.ps}
}





@Article{KLMMRV00,
  author = 	 {J.D. Kececioglu and H.-P. Lenhof and K. Mehlhorn and P. Mutzel and  K. Reinert  and  M. Vingron},
  title = 	 {A polyhedral approach to sequence alignment problems},
  journal = 	 {Discrete Applied Mathematics},
  year = 	 2000,
  volume =	 104,
  number =	 {1-3},
  pages =	 {143-186}
}



@Article{KNA94,
  author = 	 {N. Kanamaru and T. Nishizeki and T. Asano},
  title = 	 {Efficient enumeration of grid points in a convex polygon and its application to integer programming},
  journal = 	 {International Journal of Computational Geometry \& Applications},
  year = 	 1994,
  volume =	 4,
  number =	 1,
  pages =	 {69-85}
}



@Article{Kannan80,
  author = 	 {Ravindran Kannan},
  title = 	 {A polynomial Algorithm for the two-variable integer programming problem},
  journal = 	 jacm,
  year = 	 1980,
  volume =	 27,
  number =	 1,
  pages =	 {118-122}
}



@ARTICLE{Kannan87,
  AUTHOR =	 {R. Kannan},
  JOURNAL =	 mor,
  NUMBER =	 {3},
  PAGES =	 {415-440},
  TITLE =	 {Minkowski's convex body theorem and integer
                  programming},
  VOLUME =	 {12},
  YEAR =	 {1987}
}

@Article{Kannan87b,
  author = 	 {R. Kannan},
  title = 	 {Algorithmic geometry of numbers},
  journal = 	 {Ann. Rev. Comput. Sci.},
  year = 	 1987,
  volume =	 2,
  pages =	 {231-267},
  annote =	 {Fernleihe file Kannan87.zip}
}





@Article{KannanBachem79,
  author =       "Ravindran Kannan and Achim Bachem",
  title =        "Polynomial algorithms for computing the {Smith} and
                 {Hermite} normal forms of an integer matrix",
  journal =      siam-comp,
  volume =       "8",
  number =       "4",
  pages =        "499--507",
  year =         "1979",
}



@Article{KarSte96,
  author =       "D. Karger and C. Stein",
  title =        "A New Approach to the Minimum Cut Problem",
  journal =      "JACM: Journal of the ACM",
  volume =       43,
  year =         1996,
   annote =	 {ps file}
}

@Article{KargerKollerPhillipsS93,
  author = 	 "Karger, David R. and Koller, Daphne and Phillips,
		  Steven J.",
  title = 	 "Finding the Hidden Path: {Time} Bounds for All-Pairs
		  Shortest Paths",
  journal =	 siam-comp,
  year =	 1993,
  volume =	 22,
  number =	 6,
  pages =	 "1199--1217",
  annote =	 "ps file"
}

@article {KlabjanNemhauserTovey98,
    AUTHOR = {Klabjan, D. and Nemhauser, G. L. and Tovey, C.},
     TITLE = {The complexity of cover inequality separation},
   JOURNAL = {Oper. Res. Lett.},
  FJOURNAL = {Operations Research Letters},
    VOLUME = {23},
      YEAR = {1998},
    NUMBER = {1-2},
     PAGES = {35--40},
      ISSN = {0167-6377},
     CODEN = {ORLED5},
   MRCLASS = {90C60 (90C10)},
  MRNUMBER = {99k:90200},
annote = {.pdf file:KlabjanNemhauserTovey98.pdf },
}

@TechReport{KoySchnorr01,
  author = 	 {H. Koy and C.~P. Schnorr},
  title = 	 {Segment {LLL}-Reduction of Lattice Bases},
  institution =  {Institute for Computer Science, University of Frankfurt},
  year = 	 2001,
  annote =	 {.ps:KoySchnorr01.ps  }
}




@TechReport{KoySchnorr01b,
  author = 	 {H. Koy and C.~P. Schnorr},
  title = 	 {Segment {LLL}-Reduction with floating point Orthogonalization},
  institution =  {Institute for Computer Science, University of Frankfurt},
  year = 	 2001,
  annote =	 {.ps: KoySchnorr01b.ps}
}




@Article{LZM00,
  author = 	 {G. Leng and  Y. Zhang and B. Ma},
  title = 	 {Largest parallelotopes contained in simplice},
  journal = 	 dm,
  year = 	 2000,
  volume =	 211,
  number =	 {1-3},
  pages =	 {111-123},
  annote =	 {pdf :  LZM200.pdf.gz}
}

@Article{Lagarias80,
  author = 	 {J. C. Lagarias},
  title = 	 {Worst-case complexity bounds for algorithms in the theory of integral quadratic
 forms},
  journal = 	 jal,
  year = 	 1980,
  volume =	 1,
  pages =	 {142-186}
}






@ARTICLE{Lagarias85,
  AUTHOR =	 {J. C. Lagarias},
  JOURNAL =	 {SIAM J. Computing},
  NUMBER =	 {1},
  PAGES =	 {196 -- 209},
  TITLE =	 {The computational complexity of simultaneous
                  diophantine approximation problems},
  VOLUME =	 {14},
  YEAR =	 {1985}
}








@InCollection{Lagarias95,
  author = 	 {J.C. Lagarias},
  title = 	 {Point lattices},
  booktitle = 	 {Handbook of Combinatorics},
  pages =	 {919-966},
  publisher =	 {Elsevier},
  year =	 1995,
  editor =	 {R. Graham and M. Gr{\"o}tschel and L. Lov{\'a}sz}
}


@article{LagariasHastad86,
author = "{Lagarias, Jeffrey C. and  Hastad, Johan T.}",
title = "{Simultaneous diophantine approximation of rationals by rationals.}",
source = "{J. Number Theory 24, 200-228 (1986).}"
}



@Article{LagariasLenstraSchnorr90,
  author = 	 {Lagarias, J.C. and  Lenstra, H.W.jun. and  Schnorr, C.P.},
  title = 	 {Korkin-Zolotarev bases and successive minima of a lattice and its reciprocal lattice },
  journal = 	 {Combinatorica},
  year = 	 1990,
  volume =	 10,
  number =	 4,
  pages =	 {333-348}
}




@ARTICLE{Lenstra83,
  AUTHOR =	 {H. W. Lenstra},
  JOURNAL =	 mor,
  NUMBER =	 4,
  PAGES =	 {538 -- 548},
  TITLE =	 {Integer programming with a fixed number of
                  variables},
  VOLUME =	 8,
  YEAR =	 1983,
  ANNOTE= {Originalreport ebenfalls in meinem Besitz. Darin ein Prae-LLL Reduktionsalgorithmus},
}




 @InProceedings{Vallee89,
  author = 	 {B. Vall{\'e}e},
  title = 	 {An affine point of view on minima finding in integer lattices of lower dimensions},
  booktitle = 	 {Proceedings of the European Conference on Computer Algebra, EUROCAL '87},
  pages =	 {376-378},
  year =	 1989,
  volume =	 378,
  series =	 {LNCS},
  publisher =	 {Springer, Berlin}
}


@Article{Lenstra92,
  author = 	 {H.W. Lenstra},
  title = 	 {Algorithms in Algebraic Number Theory},
  journal = 	 {Bulletin of the AMS},
  year = 	 1992,
  volume =	 26,
  number =	 2,
  pages =	 {211--244}
}


@TechReport{LetchEg00,
  author = 	 {Letchford, A.~N. and Eglese, R.},
  title = 	 {On $\{0,1/2\}$-cuts and Set Packing, Covering and Partitioning Problems},
  institution =  {Dept. of Management Science, Lancaster University, England},
  year = 	 2000,
  month =	 {March}
}





@TechReport{Letchford2000b,
  author = 	 {Letchford, A.~N.},
  title = 	 {On disjunctive cuts for combinatorial optimization},
  institution =  {Dept. of Mamagement Science, Lancaster University},
  year = 	 2000
}



@Unpublished{Letchford99,
  author = 	 {A. N. Letchford},
  title = 	 {Totally tight rank-1 {C}hv{\'a}tal-{G}omory cuts},
  note = 	 {Manuscript, {\tt http://www.lancs.ac.uk/staff/letchfoa/pubs.htm}},
  month =	 {April},
  year =	 1999,
  annote = {.dvi file: tt.dvi.gz }
}



@Article{LetchfordLodi01,
  author = 	 {Letchford, A.~N. and Lodi, A.},
  title = 	 {Primal Separtion Algorithms},
  journal = 	 {4OR (Quarterly Journal of the Belgian, French and Italian Operations Research Societies)},
  year = 	 2003,
  volume =	 1,
  number =	 3,
  pages =	 {209-224}
}



@article{Lovasz73,
author = "{Lovasz, L.}",
title = "{Three short proofs in graph theory.}",
language = "{English}",
source = "{J. Comb. Theory, Ser. B 19, 269-271 (1975). [ISSN 0095-8956]}",
}

@ARTICLE{LovaszSchrijver91,
  AUTHOR =	 {L. Lov{\`a}sz and A. Schrijver},
  JOURNAL =	 siam-opt,
  NUMBER =	 {2},
  PAGES =	 {166-190},
  TITLE =	 {Cones of matrices and set-functions and 0-1
                  optimization},
  VOLUME =	 {1},
  YEAR =	 {1991}
}



@InCollection{MMWW99,
  author = 	 {H. Marchand and A. Martin and R. Weismantel and L.A. Wolsey},
  title = 	 {Cutting planes in integer and mixed integer programming},
  booktitle = 	 {Proceedings of DO'99},
  publisher =	 {Elsevier},
  year =	 1999,
  note =	 {to appear},
  annote =	 {.ps : LAWolsey.ps.gz}
}



@inproceedings {MR1447698,
    AUTHOR = {McCormick, S. Thomas and Smallwood, Scott R. and Spieksma,
              Frits C. R.},
     TITLE = {Polynomial algorithms for multiprocessor scheduling with a
              small number of job lengths},
 BOOKTITLE = {Proceedings of the Eighth Annual ACM-SIAM Symposium on
              Discrete Algorithms (New Orleans, LA, 1997)},
     PAGES = {509--517},
 PUBLISHER = {ACM},
   ADDRESS = {New York},
      YEAR = {1997},
   MRCLASS = {68M20},
  MRNUMBER = {1 447 698}
}


@inproceedings {MR1739965,
    AUTHOR = {Goemans, Michel X. and Williamson, David P.},
     TITLE = {Two-dimensional {G}antt charts and a scheduling algorithm of
              {L}awler},
 BOOKTITLE = {Proceedings of the Tenth Annual ACM-SIAM Symposium on Discrete
              Algorithms (Baltimore, MD, 1999)},
     PAGES = {366--375},
 PUBLISHER = {ACM},
   ADDRESS = {New York},
      YEAR = {1999},
   MRCLASS = {90B35},
  MRNUMBER = {1 739 965},
  annote = {.ps file GW99.ps}
}



@article {MR1969764,
    AUTHOR = {Amaldi, Edoardo and Pfetsch, Marc E. and Trotter, Jr., Leslie
              E.},
     TITLE = {On the maximum feasible subsystem problem, {IIS}s and
              {IIS}-hypergraphs},
   JOURNAL = {Math. Program.},
  FJOURNAL = {Mathematical Programming. A Publication of the Mathematical
              Programming Society},
    VOLUME = {95},
      YEAR = {2003},
    NUMBER = {3, Ser. A},
     PAGES = {533--554},
      ISSN = {0025-5610},
   MRCLASS = {90C35 (90C08)},
  MRNUMBER = {1 969 764},
}



@article {MR2000e:05074,
    AUTHOR = {Gerards, A. M. H. and Shepherd, F. B.},
     TITLE = {The graphs with all subgraphs $t$-perfect},
    JOURNAL = {SIAM Journal on Discrete Mathematics},
    VOLUME = {11},
      YEAR = {1998},
    NUMBER = {4},
     PAGES = {524--545 (electronic)},
      ISSN = {1095-7146},
   MRCLASS = {05C17 (90C35)},
  MRNUMBER = {2000e:05074},
  annote   = {GerardsShepered98.ps}
}


@incollection {MR2000g:90032,
    AUTHOR = {Amaldi, Edoardo and Pfetsch, Marc E. and Trotter, Jr., Leslie
              E.},
     TITLE = {Some structural and algorithmic properties of the maximum
              feasible subsystem problem},
 BOOKTITLE = {Integer programming and combinatorial optimization (Graz,
              1999)},
    SERIES = {Lecture Notes in Comput. Sci.},
    VOLUME = {1610},
     PAGES = {45--59},
 PUBLISHER = {Springer},
   ADDRESS = {Berlin},
      YEAR = {1999},
   MRCLASS = {90C10 (90C57)},
  MRNUMBER = {2000g:90032},
MRREVIEWER = {J{\"u}rgen K{\"o}hler},
}



@article {MR2001b:05118,
    AUTHOR = {Dahl, G. and Realfsen, B.},
     TITLE = {The cardinality-constrained shortest path problem in 2-graphs},
   JOURNAL = {Networks},
  FJOURNAL = {Networks. An International Journal},
    VOLUME = {36},
      YEAR = {2000},
    NUMBER = {1},
     PAGES = {1--8},
      ISSN = {0028-3045},
     CODEN = {NTWKAA},
   MRCLASS = {},
  MRNUMBER = {2001b:05118},
}



@article {MR2002a:90035,
    AUTHOR = {McCormick, S. Thomas and Smallwood, Scott R. and Spieksma,
              Frits C. R.},
     TITLE = {A polynomial algorithm for multiprocessor scheduling with two
              job lengths},
  JOURNAL = {Mathematics of Operations Research},
    VOLUME = {26},
      YEAR = {2001},
    NUMBER = {1},
     PAGES = {31--49},
      ISSN = {0364-765X},
   MRCLASS = {90B35 (68Q17 90C60)},
  MRNUMBER = {2002a:90035},
MRREVIEWER = {Albert P. M. Wagelmans},
}

@article {MR80e:68087,
    AUTHOR = {Papadimitriou, C. H. and Yannakakis, M.},
     TITLE = {Scheduling interval-ordered tasks},
   JOURNAL = {SIAM J. Comput.},
  FJOURNAL = {SIAM Journal on Computing},
    VOLUME = {8},
      YEAR = {1979},
    NUMBER = {3},
     PAGES = {405--409},
      ISSN = {0097-5397},
     CODEN = {SMJCAT},
   MRCLASS = {68C15 (68C25)},
  MRNUMBER = {80e:68087},
}

@article {MR89b:05150,
    AUTHOR = {Mahjoub, A. R.},
     TITLE = {On the stable set polytope of a series-parallel graph},
   JOURNAL = {Math. Programming},
  FJOURNAL = {Mathematical Programming},
    VOLUME = {40},
      YEAR = {1988},
    NUMBER = {1, (Ser. A)},
     PAGES = {53--57},
      ISSN = {0025-5610},
     CODEN = {MHPGA4},
   MRCLASS = {},
  MRNUMBER = {89b:05150},
MRREVIEWER = {I. Ya. Gusak},
}



@article {MR96m:90066,
    AUTHOR = {Plotkin, S.~A. and Shmoys, D.~B. and Tardos, {\'E}.},
     TITLE = {Fast approximation algorithms for fractional packing and
              covering problems},
   JOURNAL = {Math. Oper. Res.},
  FJOURNAL = {Mathematics of Operations Research},
    VOLUME = {20},
      YEAR = {1995},
    NUMBER = {2},
     PAGES = {257--301},
      ISSN = {0364-765X},
   MRCLASS = {90C27 (90C08 90C10)},
  MRNUMBER = {96m:90066},
  annote   = {ps file: PlotkinShmoysTardos95.ps}
}


@article {MR97i:68091,
    AUTHOR = {Alon, Noga and Yuster, Raphael and Zwick, Uri},
     TITLE = {Color-coding},
    JOURNAL = {Journal of the Association for Computing Machinery},
    VOLUME = {42},
      YEAR = {1995},
    NUMBER = {4},
     PAGES = {844--856},
      ISSN = {0004-5411},
     CODEN = {JACOAH},
   MRCLASS = {68Q25 (05C38 05C85 68R10)},
  MRNUMBER = {97i:68091},
MRREVIEWER = {Hans L. Bodlaender},
annote       = {.ps file AlonYusterZwick95.ps}
}



@incollection {MR98d:90065,
    AUTHOR = {G{\"a}rtner, Bernd and Welzl, Emo},
     TITLE = {Linear programming---randomization and abstract frameworks},
 BOOKTITLE = {STACS 96 (Grenoble, 1996)},
    SERIES = {Lecture Notes in Comput. Sci.},
    VOLUME = {1046},
     PAGES = {669--687},
 PUBLISHER = {Springer},
   ADDRESS = {Berlin},
      YEAR = {1996},
   annote  = { ps file: Gaertner-welzl.ps}
}


@article {MR99i:15002,
    AUTHOR = {Huang, Xiaohan and Pan, Victor Y.},
     TITLE = {Fast rectangular matrix multiplication and applications},
  JOURNAL = {Journal of Complexity},
    VOLUME = {14},
      YEAR = {1998},
    NUMBER = {2},
     PAGES = {257--299},
      ISSN = {0885-064X},
   MRCLASS = {15-04 (68Q25)},
  MRNUMBER = {99i:15002},
MRREVIEWER = {Israel Koltracht},
}


@article {MS94,
    AUTHOR = {Mannino, Carlo and Sassano, Antonio},
     TITLE = {An exact algorithm for the maximum stable set problem},
   JOURNAL = {Comput. Optim. Appl.},
  FJOURNAL = {Computational Optimization and Applications. An International
              Journal},
    VOLUME = {3},
      YEAR = {1994},
    NUMBER = {3},
     PAGES = {243--258},
      ISSN = {0926-6003},
     CODEN = {CPPPEF},
   MRCLASS = {05C85 (05C35 68Q25)},
  MRNUMBER = {95f:05105},
MRREVIEWER = {Mirko K{\v{r}}iv{\'a}nek},
}



@article {MSW96,
    AUTHOR = {Matou{\v{s}}ek, J. and Sharir, M. and Welzl, E.},
     TITLE = {A subexponential bound for linear programming},
   JOURNAL = {Algorithmica},
  FJOURNAL = {Algorithmica. An International Journal in Computer Science},
    VOLUME = {16},
      YEAR = {1996},
    NUMBER = {4-5},
     PAGES = {498--516},
      ISSN = {0178-4617},
     CODEN = {ALGOEJ},
   MRCLASS = {90C08 (68Q25 68U05 90C27)},
  MRNUMBER = {97f:90052},
}


@article{McCorSmallSpie01,
  author = 	 {S.T. McCormick and S.R. Smallwood and F.C.R. Spieksma},
  title = 	 {A Polynomial Algorithm for Multiprocessor Scheduling with Two Job Lengths},
  journal = 	 {Mathematics of Operations Research},
  year = 	 2001,
  volume =	 26,
  pages =	 {31--49}
}




@Article{McGeochC95,
  author = 	 "McGeoch, C. C.",
  title = 	 "All-pairs shortest paths and the essential subgraph",
  journal =	 algo,
  year =	 1995,
  volume =	 13,
  pages =	 "426--441"
}





@article {Megiddo79,
    AUTHOR = {Megiddo, Nimrod},
     TITLE = {Combinatorial optimization with rational objective functions},
   JOURNAL = {Math. Oper. Res.},
  FJOURNAL = {Mathematics of Operations Research},
    VOLUME = {4},
      YEAR = {1979},
    NUMBER = {4},
     PAGES = {414--424},
      ISSN = {0364-765X},
   MRCLASS = {90C32},
  MRNUMBER = {80j:90104},
MRREVIEWER = {R. N. Kaul},
}



@Article{Megiddo83a,
  author = 	 {Megiddo, Nimrod},
  title = 	 {Linear-time algorithms for linear programming in $R^3$ and related problems},
  journal = 	 {Siam Journal of Computing},
  year = 	 1983,
  volume =	 12,
  number =	 4,
  pages =	 {759--776}
}



@PhdThesis{Miccianchio98,
  author = 	 {D. Miccianchio},
  title = 	 {On the hardness of the shortest vector problem},
  school = 	 {Massachusetts Institute of Technology},
  year = 	 1998,
  month =	 {September},
  annote =	 {.ps: miccianc-phd.ps.gz}
}



 @Article{ERV02b,
  author = 	 {Eisenbrand, Friedrich and Rinaldi, Giovanni and Ventura, Paolo},
  title = 	 {Primal separation for 0/1~polytopes},
  journal = 	 {Mathematical  Programming},
  year = 	 2003,
  volume =	 95,
  number =	 3,
  pages =	 {475--491}
}




@PhdThesis{Micciancio98,
  author = 	 {D. Micciancio},
  title = 	 {On the hardness of the shortest vector problem},
  school = 	 {Dept. of Electrical Engineering and Computer Science, M.I.T.},
  year = 	 1998
}



@article {Minty90,
    AUTHOR = {Minty, George J.},
     TITLE = {On maximal independent sets of vertices in claw-free graphs},
   JOURNAL = {J. Combin. Theory Ser. B},
  FJOURNAL = {Journal of Combinatorial Theory. Series B},
    VOLUME = {28},
      YEAR = {1980},
    NUMBER = {3},
     PAGES = {284--304},
      ISSN = {0095-8956},
     CODEN = {JCBTB8},
   MRCLASS = {68E10 (05C99)},
  MRNUMBER = {81f:68076},
MRREVIEWER = {D. de Werra},
}


  @InProceedings{LetLod02,
  author = 	 {Letchford, A.~N. and Lodi, A.},
  title = 	 {Polynomial-time separation of simple comb inequalities},
  booktitle = 	 {In proceedings of the 9-th Conference on Integer Programming and Combinatorial Optimization},
  year =	 2002,
  pages =   {93--108},
  editor = {W. J. Cook and A. S. Schulz },
  volume = {2337}
}



@InProceedings{MuldersStorjohann99,
  author = 	 {T. Mulders and A. Storjohann},
  title = 	 {Diophantine linear system solving},
  booktitle = 	 {ISSAC'99},
  year =	 1999
}



@article {NP85,
    AUTHOR = {Ne{\v{s}}et{\v{r}}il, J. and Poljak, S.},
     TITLE = {On the complexity of the subgraph problem},
   JOURNAL = {Comment. Math. Univ. Carolin.},
  FJOURNAL = {Commentationes Mathematicae Universitatis Carolinae},
    VOLUME = {26},
      YEAR = {1985},
    NUMBER = {2},
     PAGES = {415--419},
      ISSN = {0010-2628},
     CODEN = {CMUCAA},
   MRCLASS = {05C50 (68R10 90B10)},
  MRNUMBER = {86k:05085},
MRREVIEWER = {pdf file: NesterilPoljak85.pdf},
}

@ARTICLE{NesetrilPoljak85,
  AUTHOR =	 {J. Nesetril and S. Poljak},
  JOURNAL =	 {Commentationes Mathematicae Universitatis Carolinae},
  PAGES =	 {415-419},
  TITLE =	 {On the complexity of the subgraph problem},
  VOLUME =	 {26},
  NUMBER =       {2},
  YEAR =	 {1985}
}


@Article{PapYan90,
  author = 	 {C.H. Papadimitriou and M. Yannakakis},
  title = 	 {On recognizing integer polyhedra},
  journal = 	 {Combinatorica},
  year = 	 1910,
  volume =	 10,
  number =	 1,
  pages =	 {107-109}
}


@Article{Peled97,
  author = 	 {Sariel Har-Peled},
  title = 	 {An output sensitive algorithm for discrete convex hulls},
  journal = 	 {Computational Geometry: Theory and Applications},
  year = 	 1998,
  volume =	 10,
  pages =	 {125-138},
  annote =	 {.ps file: peled97.ps}
}

@InProceedings{Preis99,
  author = 	 {Robert Preis},
  title = 	 {Linear time $\frac{1}{2}$-approximation algorithm for maximum weighted matching in general graphs},
  booktitle = 	 {STACS'99},
  pages =	 {259--269},
  year =	 1999,
  editor =	 {C. Meinel and S. Tison},
  volume =	 1563,
  series =	 {LNCS},
  publisher =	 {Springer}
}

@incollection {Preis99,
    AUTHOR = {Preis, Robert},
     TITLE = {Linear time $\frac 12$-approximation algorithm for maximum
              weighted matching in general graphs},
 BOOKTITLE = {STACS 99 (Trier)},
     PAGES = {259--269},
 PUBLISHER = {Springer},
   ADDRESS = {Berlin},
      YEAR = {1999},
   MRCLASS = {68R10 (68W25)},
  MRNUMBER = {2000i:68156},
  annote   = {.ps file: Preis99.ps}
}
@InProceedings{Pudlak98,
  author = 	 {P. Pudl{\'a}k},
  title = 	 {On the complexity of the propositional calculus},
  booktitle = 	 {Logic Colloquium'97},
  pages =	 {197-218 },
  year =	 1999,
  publisher =	 {Cambridge Univ. Press},
  annote = {.ps file: Pudlak98.ps.gz}
}

@InCollection{Rote00,
  author = 	 {G. Rote},
  title = 	 {Division-free algorithms for determinants and Pfaffians: {A}lgebraic and combinatorial approaches},
  booktitle = 	 {Computational Discrete Mathematics},
  pages =	 {59-75},
  publisher =	 {x},
  year =	 2000,
  editor =	 {H. Alt},
  annote =	 {.ps Rote00.ps }
}




@Article{Rote97,
  title =        "Finding a shortest vector in a two-dimensional lattice
                 modulo~{$m$}",
  author =       "G. Rote",
  pages =        "303--308",
  journal =      "Theoretical Computer Science",
  year =         1997,
  volume =       172,
  number =       "1--2",
  annote = {.pdf file: Rote97.pdf}
}




@PhdThesis{SF01,
  author = 	 {Fiorini, S.},
  title = 	 {Polyhedral combinatorics of order polytopes},
  school = 	 {Universit{\'e} libre de Bruxelles},
  year = 	 2001,
  annote =	 {.ps file: SF_thesis.ps}
}


@Article{SPL98,
  author = 	 {D.~F. Shallcross and V.~Y. Pan and Y. Lin-Kriz},
  title = 	 {Planar integer linear programming is {NC} equivalent to euclidean gcd},
  journal = 	 sjc,
  year = 	 1998,
  volume =	 27,
  number =	 4,
  pages =	 {960-971},
  annote =	 {schlechtes papier (warum sequential boolean time  L \log L in intro?  .pdf file: }
}

@InProceedings{SW02,
  author = 	 {Spille, B. and Weismantel, R.},
  title = 	 {A Generalization of {E}dmonds' Matching and Matroid Intersection Algorithms},
  booktitle = 	 {Proceedings of the Ninth International Conference on Integer Programming and Combinatorial Optimization},
  pages =	 {9-20},
  year =	 2002,
  volume =	 2337,
  publisher =	 {Springer}
}


@article {SW92,
    AUTHOR = {Sousa, Jorge P. and Wolsey, Laurence A.},
     TITLE = {A time indexed formulation of nonpreemptive single machine
              scheduling problems},
   JOURNAL = {Math. Programming},
  FJOURNAL = {Mathematical Programming},
    VOLUME = {54},
      YEAR = {1992},
    NUMBER = {3, Ser. A},
     PAGES = {353--367},
      ISSN = {0025-5610},
     CODEN = {MHPGA4},
   MRCLASS = {90B35 (90C11)},
  MRNUMBER = {93c:90039},
MRREVIEWER = {Roman S{\l}owi{\'n}ski},
}








@Article{Schoenhage71,
  author = 	 {A. Sch{\"o}nhage},
  title = 	 {{S}chnelle {B}erechnung von {K}ettenbruchentwicklungen. ({S}peedy computation of expansions of continued fractions)},
  journal = 	 {Acta Informatica},
  year = 	 1971,
  volume =	 1,
  pages =	 {139-144}
}


@InProceedings{Schoenhage91,
  author =       {A. Sch{\"o}nhage},
  title =        "Fast reduction and composition of binary quadratic
                 forms",
  booktitle =    "International Symposium on Symbolic and Algebraic Computation, ISSAC~91",
  publisher =    "ACM Press",
  pages =        "128--133",
  year =         1991,
  annote =  {.pdf file Schoenhage91.pdf}
}


@article {Schrijver00,
    AUTHOR = {Schrijver, A.},
     TITLE = {A combinatorial algorithm minimizing submodular functions in
              strongly polynomial time},
  JOURNAL = {Journal of Combinatorial Theory. Series B},
    VOLUME = 80,
      YEAR = 2000,
    NUMBER = 2,
     PAGES = {346--355}
}
@article {Schrijver01b,
    AUTHOR = {Schrijver, Alexander},
     TITLE = {A short proof of {M}ader's $\scr {S}$-paths theorem},
    JOURNAL = {Journal of Combinatorial Theory. Series B},
    VOLUME = {82},
      YEAR = {2001},
    NUMBER = {2},
     PAGES = {319--321},
      ISSN = {0095-8956},
     CODEN = {JCBTB8},
   MRCLASS = {05C38 (05C35)},
  MRNUMBER = {2002d:05077},
  annote = {.ps file Schrijver01b.ps}
}



@Misc{SchrijverOptCourse00,
  note =         {Course Notes},
  author =	 {Schrijver, A.},
  title =	 {A Course in Combinatorial Optimization},
  month =	 {October},
  year =	 2000,
  annote =	 {.ps file: SchrijverCourseOptimization.ps}
}


@article {Seboe88,
    AUTHOR = {Seb{\H{o}}, A.},
     TITLE = {The {S}chrijver system of odd join polyhedra},
   JOURNAL = {Combinatorica},
  FJOURNAL = {Combinatorica. An International Journal of the J{\'a}nos Bolyai
              Mathematical Society},
    VOLUME = {8},
      YEAR = {1988},
    NUMBER = {1},
     PAGES = {103--116},
      ISSN = {0209-9683},
     CODEN = {COMBDI},
   MRCLASS = {05C75 (05C70 90C10)},
  MRNUMBER = {89i:05236},
MRREVIEWER = {M. M. Sys{\l}o},
}

@InProceedings{Seboe90,
  author =       {Seb{\H o},  A.},
  title =        {Hilbert Bases, {C}aratheodory's Theorem and
                 Combinatorial Optimization},
  pages =        "431--456",
  editor =       {Kannan,  R. and  Pulleyblank, W.~R.},
  booktitle =    "Proceedings of the 1st Integer Programming and
                 Combinatorial Optimization Conference",
  month =        may # "~28--30",
  year =         "1990",
  publisher =    "University of Waterloo Press",
  address =      "Waterloo, ON, Canada",
  year =         "1990",
  annote = {.ps file: Seboe90.ps}
}






@proceedings{Seboe99,
author="A. Seb{\"o}",
title="{An introduction to empty lattice simplices.}",

source="{Cornuejols, Gerard (ed.) et al., Integer programming and combinatorial optimization. 7th international IPCO conference, Graz, Austria, June 9--11, 1999. Proceedings. Berlin: Springer. Lect. Notes Comput. Sci. 1610, 400-414 (1999). [ISBN 3-540-66019-4; ISSN 0302-9743]}"
}


@InProceedings{Seboe99,
  author = 	"A. Seb{\"o}",
  title = 	 {An introduction to empty lattice simplices},
  booktitle = 	 {Integer programming and combinatorial optimization. 7th international IPCO conference},
  pages =	 {400-414},
  year =	 1999,
  editor =	 {G. Cornuejols},
  annote =	 {.pdf file Seboe99.pdf.gz}
}



@InProceedings{Semaev01,
  author = 	 {I. Semaev},
  title = 	 {A 3-dimensional lattice reduction algorithm},
  booktitle = 	 {Cryptography and Lattices Conference, CALC 2001},
  year =	 2001,
  series =	 {This volume}
}


@incollection {Seymour77,
    AUTHOR = {Seymour, P. D.},
     TITLE = {Sums of circuits},
 BOOKTITLE = {Graph theory and related topics (Proc. Conf., Univ. Waterloo,
              Waterloo, Ont., 1977)},
     PAGES = {341--355},
 PUBLISHER = {Academic Press},
   ADDRESS = {New York},
      YEAR = 1979,
annote = {This can be seen as a nonalgorithmic proof of the T-join polyhedron theorem}
}



@Article{SkutWoe00,
  author = 	 {M. Skutella and  G. J. Woeginger},
  title = 	 {A PTAS for minimizing the total weighted completion time on identical parallel machines},
  journal = 	 mor,
  year = 	 2000,
  volume =	 25,
  number =	 1,
  pages =	 {63-75},
  annote =	 {.ps file: SkutWoe00.ps.gz}
}



@PhdThesis{Storjohann00,
  author = 	 {A. Storjohann},
  title = 	 {Algorithms for matrix canonical forms},
  school = 	 {ETH Z{\"u}rich},
  year = 	 2000,
  annote =	 {.ps Storjohann00.ps}
}

@TechReport{Storjohann96,
  author = 	 {A. Storjohann},
  title = 	 {Faster Algorithms for Integer Lattice Reduction},
  institution =  {Department of Computer Science, ETH Z{\"u}rich},
  year = 	 1996,
  number =	 249,
  annote =	 {.ps file Storjohann96.ps}
}

@InProceedings{StorjohannLabahn95,
  author = 	 {A. Storjohann and G. Labahn},
  title = 	 {Preconditioning of Rectangular Polynomial Matrices for Efficient Hermite Normal Form Computation},
  booktitle = 	 {ISSAC'95},
  pages =	 {119-125},
  year =	 1995,
  publisher =	 {ACM Press}
}


@InProceedings{StorjohannLabahn96,
  author =       "A. Storjohann and G. Labahn",
  title =        "Asymptotically fast computation of {H}ermite normal
                 forms of integer matrices",
  booktitle =    "International Symposium on Symbolic and
                 Algebraic Computation  ISSAC '96",
  publisher =    "ACM Press",
  pages =        "259--266",
  year =         1996,
  editor = {Y.~N. Lakshman},
  annote =	 {.ps file: StorhohannLabahn96.ps}
}


@InProceedings{StorjohannMulders98,
  author = 	 {A. Storjohann and T. Mulders},
  title = 	 {Fast Algorithms for Linear Algebra Modulo {N}},
  booktitle = 	 {6th Annual European Symposium on Algorithms, ESA '98},
  pages =	 {139-150},
  year =	 1998,
   editor =	 {G. Bilardi and  G.~F. Italiano and A. Pietracaprina and G. Pucci},
  Volume =	 1461,
  series =	 {Lecture Notes in Computer Science},
  publisher =	 {Springer},
  annote =	 {.ps file: StorjohannMulders98.ps}
}



@article {Tamir91,
    AUTHOR = {Tamir, A.},
     TITLE = {On the core of network synthesis games},
   JOURNAL = {Math. Programming},
  FJOURNAL = {Mathematical Programming},
    VOLUME = {50},
      YEAR = {1991},
    NUMBER = {1, (Ser. A)},
     PAGES = {123--135},
      ISSN = {0025-5610},
     CODEN = {MHPGA4},
   MRCLASS = {},
  MRNUMBER = {92b:90247},
MRREVIEWER = {A. Pultr},
}


@Article{Urquhart95,
  author = 	 {A. Urquhart},
  title = 	 {The complexity of propositional proofs},
  journal = 	 {Bulletin of Symbolic Logic},
  year = 	 1995,
  volume =	 1,
  number =	 4,
  pages =	 {425-467}
}


@Article{Vallee91,
  author = 	 {B. Vall{\'e}e},
  title = 	 {{G}auss' algorithm revisited},
  journal = 	 jal,
  year = 	 1991,
  volume =	 12,
  number =	 4,
  pages =	 {556-572}
}

@InProceedings{Vallee98,
  author = 	 {B. Vall{\'e}e},
  title = 	 {The complete analysis of the binary Euclidean algorithm},
  booktitle = 	 {Algorithmic number theory ANTS-III},
  pages =	 {77-94},
  year =	 1988,
  editor =	 {J. B. Buhler},
  number =	 1423,
  series =	 {LNCS},
  publisher =	 {Springer   }
}

@Article{VandenbergheBoyd96,
  author = 	 {L. Vandenberghe and S. Boyd96},
  title = 	 {Semidefinite programming},
  journal = 	 {SIAM Rev.},
  year = 	 1996,
  volume =	 38,
  number =	 1,
  pages =	 {49-95},
  annote = {.ps file VandenbergheBoyd96.ps.gz}
}





    @InProceedings{ER96,
  author = 	 {S. Melzer and J. Esparza},
  title = 	 {Checking system properties via integer programming},
  booktitle = 	 {Proc. of ESOP'96},
  year =	 1996,
  series =	 {LNCS}
}


@Article{VenEis03,
  author = 	 {F. Eisenbrand and P. Ventura},
  title = 	 {A compact linear program for testing optimality of perfect matchings},
  journal = 	 {Operations Research Letters},
  year = 	 2003,
  note =	 {to appear}
}






@Unpublished{Ventura00,
  author = 	 {Ventura, P.},
  title = 	 {Flow formulations for the Traveling Salesman Problem},
  note = 	 {unpublished}
}

@article {Waerden56,
    AUTHOR = {van der Waerden, B. L.},
     TITLE = {Die {R}eduktionstheorie der positiven quadratischen {F}ormen},
   JOURNAL = {Acta Mathematica},
    VOLUME = 96,
      YEAR = 1956,
     PAGES = {265--309},
}



@Article{Warners:LinearTransformationOfPBIntoCNF,
    author =        {Warners, Joost P.},
    title =         {A linear-time transformation of linear inequalities into
                     conjunctive normal form},
    journal =       IPL,
    year =          1998,
    volume =        68,
    number =        2,
    pages =         {63--69},
    annote = {.pdf file: Skripte/Warners_LinearTransformationOfPBIntoCNF.pdf}
}

@Article{Williams76,
  author = 	 {H. P. Williams},
  title = 	 {{F}ourier-{M}otzkin elimination extension to integer programming problems},
  journal = 	 jctha,
  year = 	 1976,
  volume =	 21,
  pages =	 {118-123}
}


@article {Yannakakis91,
    AUTHOR = {Yannakakis, Mihalis},
     TITLE = {Expressing combinatorial optimization problems by linear
              programs},
  JOURNAL = {Journal of Computer and System Sciences},
    VOLUME = {43},
      YEAR = {1991},
    NUMBER = {3},
     PAGES = {441--466},
      ISSN = {0022-0000},
     CODEN = {JCSSBM},
   MRCLASS = {90C27 (90C08)},
  MRNUMBER = {93a:90054},
}

@InProceedings{Yap92,
  author =       "C. K. Yap",
  title =        "Fast Unimodular Reduction: Planar Integer Lattices",
  pages =        "437--446",
  booktitle =    "Proceedings of the 33rd Annual Symposium on
                 Foundations of Computer Science",
  address =      "Pittsburgh",
  year =         1992,
  publisher =    "IEEE Computer Society Press",
}

@article {YusterZwick97,
    AUTHOR = {Yuster, Raphael and Zwick, Uri},
     TITLE = {Finding even cycles even faster},
    JOURNAL = {SIAM Journal on Discrete Mathematics},
    VOLUME = {10},
      YEAR = {1997},
    NUMBER = {2},
     PAGES = {209--222},
      ISSN = {0895-4801},
     CODEN = {SJDMEC},
   MRCLASS = {05C85 (05C38 68R10)},
  MRNUMBER = {98d:05137},
MRREVIEWER = {Stanislav Jendrol'},
annote = {.ps file YusterZwick97.ps}
}


@Article{ZC84,
  author = 	 {L.~Ya. Zamanskij and V.~D. Cherkasskij},
  title = 	 {A formula for determining the number of integral points on a straight line and its application},
  journal = 	 {Ehkon. Mat. Metody},
  year = 	 1984,
  volume =	 20,
  pages =	 {1132-1138},
  note  = {(in Russian)}
}


@incollection {Ziegler00,
    AUTHOR = {Ziegler, G{\"u}nter M.},
     TITLE = {Lectures on $0/1$-polytopes},
 BOOKTITLE = {Polytopes---combinatorics and computation (Oberwolfach, 1997)},
     PAGES = {1--41},
 PUBLISHER = {Birkh{\"a}user},
   ADDRESS = {Basel},
      YEAR = {2000},
   MRCLASS = {52B05},
  MRNUMBER = {2001e:52017},
}
@InCollection{Ziegler99,
  author = 	 {G. M. Ziegler},
  title = 	 {Lectures on 0/1-polytopes},
  booktitle = 	 {Polytopes - Combinatorics and Computation},
  publisher =	 {Birkh{\"a}user},
  year =	 1999,
  editor =	 {G. Kalai and  G.M. Ziegler},
  note =	 {to appear}
}


@InProceedings{melzeresparza96,
  author = 	 {S. Melzer and J. Esparza},
  title = 	 {Verification of System Properties via Integer Programming},
  booktitle = 	 {Programming Languages and Systems - ESOP'96},
  pages =	 {250--264},
  year =	 1996,
  editor =	 {H.R. Nielson},
  volume =	 1058,
  annote = {.ps file  MelzerEsparza96.ps}
}



@InProceedings{Dash02,
  author = 	 {Dash, S.},
  title = 	 {An exponential lower bound on the length of some classes of branch-and-cut proofs},
  booktitle = 	 {In Proc. of the 9-th conference on Integer Programming and Combinatorial Optimization},
  year =	 2002,
  volume =	 2337,
  pages = {145-160},
  series =	 {LNCS},
  publisher =	 {Springer}
}


@article {DinitzGargGoemans99,
    AUTHOR = {Dinitz, Yefim and Garg, Naveen and Goemans, Michel X.},
     TITLE = {On the single-source unsplittable flow problem},
   JOURNAL = {Combinatorica},
  FJOURNAL = {Combinatorica. An International Journal on Combinatorics and
              the Theory of Computing},
    VOLUME = 19,
      YEAR = 1999,
    NUMBER = 1,
     PAGES = {17--41},
      ISSN = {0209-9683},
   MRCLASS = {90C35 (05C38)},
  MRNUMBER = {2000k:90062},
 annote    = {.ps file    unsplittable.ps},
}





@Unpublished{Gijswijt03,
  author = 	 {Dion Gijswijt},
 title = 	 {Integer decomposition for polyhedra defined by nearly totally unimodular matrices},
  note = 	 {to appear in  {\em Siam Journal on Discrete Mathematics}},
  year =	 2005
}

@article {MR830593,
    AUTHOR = {Cook, W. and Fonlupt, J. and Schrijver, A.},
     TITLE = {An integer analogue of {C}arath\'eodory's theorem},
    JOURNAL = {Journal of Combinatorial Theory. Series B},
    VOLUME = {40},
      YEAR = {1986},
    NUMBER = {1},
     PAGES = {63--70},
      ISSN = {0095-8956},
     CODEN = {JCBTB8},
   MRCLASS = {90C10 (05C35)},
  MRNUMBER = {MR830593 (87d:90111)},
}

@article {MR1696095,
    AUTHOR = {Bruns, Winfried and Gubeladze, Joseph and Henk, Martin and
              Martin, Alexander and Weismantel, Robert},
     TITLE = {A counterexample to an integer analogue of {C}arath\'eodory's
              theorem},
    JOURNAL = {Journal f\"ur die Reine und Angewandte Mathematik},
    VOLUME = {510},
      YEAR = {1999},
     PAGES = {179--185},
      ISSN = {0075-4102},
     CODEN = {JRMAA8},
   MRCLASS = {11B13 (90C27)},
  MRNUMBER = {MR1696095 (2000i:11022)}
}



@article {MR0137589,
    AUTHOR = {Gilmore, P. C. and Gomory, R. E.},
     TITLE = {A linear programming approach to the cutting-stock problem},
   JOURNAL = {Operations Research},
    VOLUME = {9},
      YEAR = {1961},
     PAGES = {849--859},
   MRCLASS = {90.56},
  MRNUMBER = {MR0137589 (25 \#1041)},
MRREVIEWER = {P. Huard},
}

@article {MR829888,
    AUTHOR = {Marcotte, Odile},
     TITLE = {An instance of the cutting stock problem for which the
              rounding property does not hold},
    JOURNAL = {Operations Research Letters},
    VOLUME = {4},
      YEAR = {1986},
    NUMBER = {5},
     PAGES = {239--243},
      ISSN = {0167-6377},
     CODEN = {ORLED5},
   MRCLASS = {90C10},
  MRNUMBER = {MR829888 (87c:90144)},
}






@ARTICLE{LaiPedramVrudhula94,
  AUTHOR =	 {Y. T. Lai and M. Pedram and B. K. Vrudhula},
  JOURNAL =	 {IEEE Trans. on Computer-Aided Design},
  NUMBER =	 {8},
  PAGES =	 {959-975},
  TITLE =	 {{EVBDD}-based algorithms for integer linear
                  programming, spectral transformation, and functional
                  decomposition},
  VOLUME =	 {13},
  YEAR =	 {1994}
}

@inproceedings{259903,
 author = {Yung-Te Lai and Massoud Pedram and Sarma B. K. Vrudhula},
 title = {FGILP: an integer linear program solver based on function graphs},
 booktitle = {ICCAD '93: Proceedings of the 1993 IEEE/ACM international conference on Computer-aided design},
 year = {1993},
 isbn = {0-8186-4490-7},
 pages = {685--689},
 location = {Santa Clara, California, United States},
 publisher = {IEEE Computer Society Press},
 }




@InProceedings{FOCS00*613,
  author =       "D. R. Karger and M. Minkoff",
  title =        "Building Steiner trees with incomplete global
                 knowledge",
  pages =        "613--623",
  editor =       "Danielle C. Young",
  booktitle =    "Proceedings of the 41st Annual Symposium on
                 Foundations of Computer Science",
  month =        nov # " ~12--14",
  publisher =    "IEEE Computer Society",
  address =      "Los Alamitos, California",
  year =         "2000",
}

@InProceedings{STOC'04*417,
  author =       "Anupam Gupta and Martin P{\'a}l and R. Ravi and
                 Amitabh Sinha",
  title =        "Boosted sampling: approximation algorithms for
                 stochastic optimization",
  pages =        "417--426",
  booktitle =    "Proceedings of the thirty-sixth annual {ACM} Symposium
                 on Theory of Computing ({STOC}-04)",
  month =        jun # " ~13--15",
  publisher =    "ACM Press",
  address =      "New York",
  year =         "2004",
}




@InCollection{BaumTrotter78,
  author = 	 {S. Baum and L.~E. {Trotter~Jr.}},
  title = 	 {Integer rounding and polyhedral decomposition for totally unimodular systems},
  booktitle = 	 {Arbeitstagung {\"u}ber Operations Research  und Optimierung},
  pages =	 {15-23},
  publisher =	 {Springer Verlag},
  year =	 1978,
  editor =	 {Henn, Korte, Oettli}
}



@article {MR1410163,
    Author = {Banaszczyk, W.},
     TITLE = {Inequalities for convex bodies and polar reciprocal lattices
              in {$\bold R\sp n$}. {II}. {A}pplication of {$K$}-convexity},
   JOURNAL = {Discrete Comput. Geom.},
  FJOURNAL = {Discrete \& Computational Geometry. An International Journal
              of Mathematics and Computer Science},
    VOLUME = {16},
      YEAR = {1996},
    NUMBER = {3},
     PAGES = {305--311},
      ISSN = {0179-5376},
     CODEN = {DCGEER},
   MRCLASS = {11H60 (11H06 52C07)},
  MRNUMBER = {MR1410163 (97h:11073)},
MRREVIEWER = {Martin Henk},
}=======



@article {MR1410163,
    Author = {Banaszczyk, W.},
     TITLE = {Inequalities for convex bodies and polar reciprocal lattices
              in {$\bold R\sp n$}. {II}. {A}pplication of {$K$}-convexity},
   JOURNAL = {Discrete Comput. Geom.},
  FJOURNAL = {Discrete \& Computational Geometry. An International Journal
              of Mathematics and Computer Science},
    VOLUME = {16},
      YEAR = {1996},
    NUMBER = {3},
     PAGES = {305--311},
      ISSN = {0179-5376},
     CODEN = {DCGEER},
   MRCLASS = {11H60 (11H06 52C07)},
  MRNUMBER = {MR1410163 (97h:11073)},
MRREVIEWER = {Martin Henk},
}



@article {MR647985,
    AUTHOR = {Fernandez de la Vega, W. and Lueker, G. S.},
     TITLE = {Bin packing can be solved within {$1+\varepsilon $} in linear
              time},
   JOURNAL = {Combinatorica},
  FJOURNAL = {Combinatorica. An International Journal of the J\'anos Bolyai
              Mathematical Society},
    VOLUME = {1},
      YEAR = {1981},
    NUMBER = {4},
     PAGES = {349--355},
      ISSN = {0209-9683},
     CODEN = {COMBDI},
   MRCLASS = {68C25 (52-04)},
  MRNUMBER = {MR647985 (83f:68037)},
}





@InProceedings{KarmakarKarp82,
  author = 	 {N. Karmakar and R. M. Karp},
  title = 	 {An Efficient Approximation Scheme for the One-Dimensional BinPacking Problem},
  booktitle = {Foundations of Computer Science, (FOCS 23)},
  year = 1982,
  pages = 	 {312-320}
}



@article {MR1832218,
    AUTHOR = {G{\"u}nl{\"u}k, Oktay and Pochet, Yves},
     TITLE = {Mixing mixed-integer inequalities},
   JOURNAL = {Math. Program.},
  FJOURNAL = {Mathematical Programming. A Publication of the Mathematical
              Programming Society},
    VOLUME = {90},
      YEAR = {2001},
    NUMBER = {3, Ser. A},
     PAGES = {429--457},
      ISSN = {0025-5610},
   MRCLASS = {90C11 (90C57)},
  MRNUMBER = {MR1832218 (2002e:90055)},
MRREVIEWER = {Clemens Heuberger},
}


@article {MR2019368,
    AUTHOR = {Miller, Andrew J. and Wolsey, Laurence A.},
     TITLE = {Tight formulations for some simple mixed integer programs and
              convex objective integer programs},
      NOTE = {Integer programming (Pittsburgh, PA, 2002)},
   JOURNAL = {Math. Program.},
  FJOURNAL = {Mathematical Programming. A Publication of the Mathematical
              Programming Society},
    VOLUME = {98},
      YEAR = {2003},
    NUMBER = {1-3, Ser. B},
     PAGES = {73--88},
      ISSN = {0025-5610},
   MRCLASS = {90C11},
  MRNUMBER = {MR2019368 (2004i:90095)},
}




@Article{Vyve,
  author = 	 {M. Van~Vyve},
  title = 	 {The continuous mixing polyhedron},
  journal = 	 {Mathematics of Operations Research},
  year = 	 2005,
  note = 	 {to appear}
}

@Unpublished{ConEis05,
  author = 	 {M. Conforti and F. Eisenbrand},
  title = 	 {Integer programming over {TU}-systems},
  note = 	 {manuscript},
  OPTkey = 	 {},
  OPTmonth = 	 {},
  OPTyear = 	 {2005},
  OPTannote = 	 {}
}

@article {Maurras83,
    AUTHOR = {Maurras, J.-F.},
     TITLE = {Convex hull of the edges of a graph and near bipartite graphs},
   JOURNAL = {Discrete Math.},
  FJOURNAL = {Discrete Mathematics},
    VOLUME = {46},
      YEAR = {1983},
    NUMBER = {3},
     PAGES = {257--265},
      ISSN = {0012-365X},
     CODEN = {DSMHA4},
   MRCLASS = {05C75 (52A25)},
  MRNUMBER = {MR716446 (84m:05070)},
MRREVIEWER = {K. R. Parthasarathy},
}

@Article{NaIb92,
  author = 	 {H. Nagamochi and T. Ibaraki},
  title = 	 {Computing edge connectivity in multigraphs and capacitated graphs},
  journal = 	 {SIAM Journal on Discrete Mathematics},
  year = 	 1992,
  volume =	 5,
  pages =	 {54--66}
}






@Article{StoWa1997,
  author = 	 {M. Stoer and F. Wagner},
  title = 	 {A simple min cut algorithm},
  journal = 	 {Journal of the ACM},
  year = 	 {1997},
  OPTkey = 	 {},
  OPTvolume = 	 {44},
  OPTnumber = 	 {},
  OPTpages = 	 {585--591},
  OPTmonth = 	 {},
  OPTnote = 	 {},
  OPTannote = 	 {}
}

@InProceedings{Karger93,
  author = 	 {D. Karger},
  title = 	 {Global min-cuts  in {RNC} and other ramifications of a simple mincut algorithm},
  booktitle = 	 {Proceedings of 4th annual ACM-SIAM Symposium on Discrete Algorithms },
  pages =	 {84-93},
  year =	 1993
}

@InProceedings{AABP04,
  author = 	 { A. Altin and E. Amaldi  and P. Belotti  and  M. Pinar},
  title = 	 {Provisioning Virtual Private Networks under traffic uncertainty},
  booktitle = 	 { Proceedings of the 3rd Cologne Twente Workshop on Graphs and Combinatorial Optimization (CTW'04)},
  pages =	 {19-22},
  year =	 2004,
  volume =	 17,
  series =	 {Electronic Notes in Discrete Mathematics}
}

@Article{LiuLay73,
author = {C. L. Liu and James W. Layland},
title = {Scheduling Algorithms for Multiprogramming in a Hard-Real-Time Environment},
journal = {Journal of the ACM},
volume = {20},
year = {1973}
}




@Article{Leung-Merrill/80,
author =	"Joseph Y.-T. Leung and M. L. Merrill",
title =	"A note on preemptive scheduling of periodic real-time		 tasks",
journal =	"Information Processing Letters",
 pages =	"115--118",
year = 	"1980, November",
number =	3,
volume =	11,
publisher =	"North-Holland Publishing Company",
}


@Article{journals/ipl/LawlerM81,
 title = "Scheduling Periodically Occurring Tasks on Multiple Processors",
author = "Eugene L. Lawler and Charles U. Martel",
 journal = "Information Processing Letters",
year = 1981,
number = 1,
volume = 12,
pages = "9--12"}




@Article{journals/siamdm/Myung01,
  title =	 "An Efficient Algorithm for the Ring Loading Problem
                  with Integer Demand Splitting",
  author =	 "Young-Soo Myung",
  journal =	 "SIAM Journal on  Discrete Mathematics",
  year =	 "2001",
  number =	 "3",
  volume =	 "14",
  bibdate =	 "2003-11-27",
  bibsource =	 "DBLP,
                  http://dblp.uni-trier.de/db/journals/siamdm/siamdm14.html#Myung01",
  pages =	 "291--298",
  URL =		 "http://epubs.siam.org/sam-bin/dbq/article/35870",
}


@Misc{Williamson98,
  author =	 {David Williamson},
  title =	 {Lecture Notes on Approximation Algorithms, {F}all 1998},
  howpublished = {IBM Research Report},
  year =	 1998,
  note =	 {{\tt http://legacy.orie.cornell.edu/{\textasciitilde}dpw/cornell.ps }}
}




@article {MR1130448,
  AUTHOR =	 {Kalai, Gil and Kleitman, Daniel J.},
  TITLE =	 {A quasi-polynomial bound for the diameter of graphs
                  of polyhedra},
  JOURNAL =	 {Bull. Amer. Math. Soc. (N.S.)},
  FJOURNAL =	 {American Mathematical Society. Bulletin. New Series},
  VOLUME =	 26,
  YEAR =	 1992,
  NUMBER =	 2,
  PAGES =	 {315--316},
  ISSN =	 {0273-0979},
  CODEN =	 {BAMOAD},
  MRCLASS =	 {52B55},
  MRNUMBER =	 {MR1130448 (92h:52017)},
  MRREVIEWER =	 {W. J. Firey},
}


@article {MR1176376,
    AUTHOR = {Kalai, Gil},
     TITLE = {Upper bounds for the diameter and height of graphs of convex
              polyhedra},
   JOURNAL = {Discrete Comput. Geom.},
  FJOURNAL = {Discrete \& Computational Geometry. An International Journal
              of Mathematics and Computer Science},
    VOLUME = {8},
      YEAR = {1992},
    NUMBER = {4},
     PAGES = {363--372},
      ISSN = {0179-5376},
     CODEN = {DCGEER},
   MRCLASS = {52B05},
  MRNUMBER = {1176376 (93i:52017)},
MRREVIEWER = {P. McMullen},
       DOI = {10.1007/BF02293053},
       URL = {http://dx.doi.org/10.1007/BF02293053},
}



@article {MR2019367,
  AUTHOR =	 {Bertsimas, Dimitris and Sim, Melvyn},
  TITLE =	 {Robust discrete optimization and network flows},
  NOTE =	 {Integer programming (Pittsburgh, PA, 2002)},
  JOURNAL =	 {Math. Program.},
  FJOURNAL =	 {Mathematical Programming. A Publication of the
                  Mathematical Programming Society},
  VOLUME =	 {98},
  YEAR =	 {2003},
  NUMBER =	 {1-3, Ser. B},
  PAGES =	 {49--71},
  ISSN =	 {0025-5610},
  MRCLASS =	 {90C35 (90B10)},
  MRNUMBER =	 {MR2019367 (2004k:90139)},
  MRREVIEWER =	 {Franz Rendl},
}




@article {MR0248636,
  AUTHOR =	 {Barnette, David},
  TITLE =	 {{$W\sb{v}$} paths on 3-polytopes},
  JOURNAL =	 {J. Combinatorial Theory},
  VOLUME =	 {7},
  YEAR =	 {1969},
  PAGES =	 {62--70},
  MRCLASS =	 {52.10},
  MRNUMBER =	 {MR0248636 (40 \#1887)},
  MRREVIEWER =	 {G. D. Chakerian},
}

@article {MR0355826,
    AUTHOR = {Barnette, David},
     TITLE = {An upper bound for the diameter of a polytope},
   JOURNAL = {Discrete Math.},
  FJOURNAL = {Discrete Mathematics},
    VOLUME = {10},
      YEAR = {1974},
     PAGES = {9--13},
      ISSN = {0012-365X},
   MRCLASS = {52A25},
  MRNUMBER = {0355826 (50 \#8300)},
MRREVIEWER = {P. McMullen},
}

@article {MR0254735,
  AUTHOR =	 {Larman, D. G.},
  TITLE =	 {Paths of polytopes},
  JOURNAL =	 {Proc. London Math. Soc. (3)},
  FJOURNAL =	 {Proceedings of the London Mathematical
                  Society. Third Series},
  VOLUME =	 {20},
  YEAR =	 {1970},
  PAGES =	 {161--178},
  ISSN =	 {0024-6115},
  MRCLASS =	 {52.10},
  MRNUMBER =	 {MR0254735 (40 \#7942)},
  MRREVIEWER =	 {P. McMullen},
}


@InProceedings{NS05,
  title =	 "Floating-Point {LLL} Revisited",
  author =	 "Phong Q. Nguyen and Damien Stehl{\'e}",
  booktitle =	 "Proceedings of the  24th
                  Annual International Conference on the Theory and
                  Applications of Cryptographic Techniques (EUROCRYPT 05)",
  publisher =	 "Springer",
  year =	 "2005",
  volume =	 "3494",
  editor =	 "Ronald Cramer",
  pages =	 "215--233",
  series =	 "Lecture Notes in Computer Science",
}



@article{DBLP:journals/ipl/KasperskiZ06,
  author =	 {Adam Kasperski and Pawel Zielinski},
  title =	 {An approximation algorithm for interval data minmax
                  regret combinatorial optimization problems.},
  journal =	 {Inf. Process. Lett.},
  volume =	 {97},
  number =	 {5},
  year =	 {2006},
  pages =	 {177-180}
}




@Article{HalmanOnnRothblum,
  author = 	 {Nir Halman and Shmuel Onn and Uriel Rothblum},
  title = 	 {The convex dimension of a graph},
  journal = 	 {Discrete Applied Mathematics},
  year = 	 2007,
  volume =	 155,
  pages =	 {1373--1383}
}

@article {MR2568801,
    AUTHOR = {De Loera, Jes{\'u}s A. and Kim, Edward D. and Onn, Shmuel and
              Santos, Francisco},
     TITLE = {Graphs of transportation polytopes},
   JOURNAL = {J. Combin. Theory Ser. A},
  FJOURNAL = {Journal of Combinatorial Theory. Series A},
    VOLUME = {116},
      YEAR = {2009},
    NUMBER = {8},
     PAGES = {1306--1325},
      ISSN = {0097-3165},
     CODEN = {JCBTA7},
   MRCLASS = {05C12 (05C90 90B06)},
  MRNUMBER = {2568801 (2010m:05094)},
       DOI = {10.1016/j.jcta.2009.03.010},
       URL = {http://dx.doi.org/10.1016/j.jcta.2009.03.010},
}

@article {MR2681516,
    AUTHOR = {Kim, Edward D. and Santos, Francisco},
     TITLE = {An update on the {H}irsch conjecture},
   JOURNAL = {Jahresber. Dtsch. Math.-Ver.},
  FJOURNAL = {Jahresbericht der Deutschen Mathematiker-Vereinigung},
    VOLUME = {112},
      YEAR = {2010},
    NUMBER = {2},
     PAGES = {73--98},
      ISSN = {0012-0456},
   MRCLASS = {52B05 (05C10 05C12 90C08)},
  MRNUMBER = {2681516 (2011f:52014)},
}

@Article{VerdoolaegeWoods2007,
  author = 	 {Sven Verdoolaege and Kevin Woods},
  title = 	 {Counting with rational generating functions},
  journal = 	 {Journal of Symbolic Computation},
  year = 	 2007,
  note =	 {to appear}
}



@TechReport{koppe-2007,
  author =	 {Matthias K{\"o}ppe and Sven Verdoolaege},
  title =	 {Computing parametric rational generating functions
                  with a primal Barvinok algorithm},
  institution =	 {arXiv:0705.3651v2},
  year =	 2007
}


@incollection {MR1731815,
  AUTHOR =	 {Barvinok, Alexander and Pommersheim, James E.},
  TITLE =	 {An algorithmic theory of lattice points in
                  polyhedra},
  BOOKTITLE =	 {New perspectives in algebraic combinatorics
                  (Berkeley, CA, 1996--97)},
  SERIES =	 {Math. Sci. Res. Inst. Publ.},
  VOLUME =	 {38},
  PAGES =	 {91--147},
  PUBLISHER =	 {Cambridge Univ. Press},
  ADDRESS =	 {Cambridge},
  YEAR =	 {1999},
  MRCLASS =	 {52C07 (05A15)},
  MRNUMBER =	 {MR1731815 (2000k:52014)},
}

@article {MR2312001,
  AUTHOR =	 {Verdoolaege, Sven and Seghir, Rachid and Beyls,
                  Kristof and Loechner, Vincent and Bruynooghe,
                  Maurice},
  TITLE =	 {Counting integer points in parametric polytopes
                  using {B}arvinok's rational functions},
  JOURNAL =	 {Algorithmica},
  FJOURNAL =	 {Algorithmica. An International Journal in Computer
                  Science},
  VOLUME =	 {48},
  YEAR =	 {2007},
  NUMBER =	 {1},
  PAGES =	 {37--66},
  ISSN =	 {0178-4617},
  CODEN =	 {ALGOEJ},
  MRCLASS =	 {05A15 (68N20 90C10)},
  MRNUMBER =	 {MR2312001},
}





@InCollection{SchuurmanWoeginger07,
  author = 	 {Petra Schuurman and Gerhard Woeginger},
  title = 	 {Approximation Schemes -- A Tutorial},
  booktitle = 	 {Lectures on Scheduling},
  publisher =	 {To appear},
  year =	 2007,
  editor =	 {R.H. M{\"o}hring and C.N. Potts and A.S. Schulz and G.J. Woeginger and L.A. Wolsey}
}



@article {MR2335307,
  AUTHOR =	 {Johnson, David S.},
  TITLE =	 {The {NP}-completeness column: finding needles in
                  haystacks},
  JOURNAL =	 {ACM Trans. Algorithms},
  FJOURNAL =	 {ACM Transactions on Algorithms},
  VOLUME =	 {3},
  YEAR =	 {2007},
  NUMBER =	 {2},
  PAGES =	 {Art. 24, 21},
  ISSN =	 {1549-6325},
  MRCLASS =	 {68Q15},
  MRNUMBER =	 {MR2335307},
}
@article {MR2253871,
  AUTHOR =	 {Johnson, David S.},
  TITLE =	 {The {NP}-completeness column: the many limits on
                  approximation},
  JOURNAL =	 {ACM Trans. Algorithms},
  FJOURNAL =	 {ACM Transactions on Algorithms},
  VOLUME =	 {2},
  YEAR =	 {2006},
  NUMBER =	 {3},
  PAGES =	 {473--489},
  ISSN =	 {1549-6325},
  MRCLASS =	 {68W25 (68Q15 68Q17)},
  MRNUMBER =	 {MR2253871},
}
@article {MR2163137,
  AUTHOR =	 {Johnson, David S.},
  TITLE =	 {The {NP}-completeness column},
  JOURNAL =	 {ACM Trans. Algorithms},
  FJOURNAL =	 {ACM Transactions on Algorithms},
  VOLUME =	 {1},
  YEAR =	 {2005},
  NUMBER =	 {1},
  PAGES =	 {160--176},
  ISSN =	 {1549-6325},
  MRCLASS =	 {68Q15},
  MRNUMBER =	 {MR2163137 (2006c:68057)},
}
@article {MR1176675,
  AUTHOR =	 {Johnson, David S.},
  TITLE =	 {The {NP}-completeness column: an ongoing guide},
  JOURNAL =	 {J. Algorithms},
  FJOURNAL =	 {Journal of Algorithms},
  VOLUME =	 13,
  YEAR =	 1992,
  NUMBER =	 3,
  PAGES =	 {502--524},
  ISSN =	 {0196-6774},
  CODEN =	 {JOALDV},
  MRCLASS =	 {68Q15 (03D15)},
  MRNUMBER =	 {MR1176675 (94b:68048)},
}





@MastersThesis{Regev2004,
  author = 	 {Oded Regev},
  title = 	 {Lattices in Computer Science},
  school = 	 {Tel Aviv University},
  year = 	 2004,
  type =	 {Lecture Notes},
  note =	 {{http://www.cs.tau.ac.il/{\textasciitilde}odedr/teaching/lattices\_fall\_2004/index.html }}
}



@incollection {MR921497,
    AUTHOR = {Kannan, Ravi},
     TITLE = {Algorithmic geometry of numbers},
 BOOKTITLE = {Annual review of computer science, Vol.\ 2},
     PAGES = {231--267},
 PUBLISHER = {Annual Reviews},
   ADDRESS = {Palo Alto, CA},
      YEAR = {1987},
   MRCLASS = {11Y16 (11H06 11J69 68Q40)},
  MRNUMBER = {MR921497 (89a:11131)},
MRREVIEWER = {Joachim von zur Gathen},
}


@inproceedings {MR1809966,
    AUTHOR = {Fang, Xin Gui and Havas, George},
     TITLE = {On the worst-case complexity of integer {G}aussian
              elimination},
 BOOKTITLE = {Proceedings of the 1997 {I}nternational {S}ymposium on
              {S}ymbolic and {A}lgebraic {C}omputation ({K}ihei, {HI})},
     PAGES = {28--31 (electronic)},
 PUBLISHER = {ACM},
   ADDRESS = {New York},
      YEAR = {1997},
   MRCLASS = {65F30 (65Y20)},
  MRNUMBER = {MR1809966},
}


@Article{Edmonds67,
  author =	"J. Edmonds",
  title =	"Systems of distinct representatives and linear
		 algebra",
  journal =	"Journalof  Reseach of the National  Bureau of Standards",
  year = 	"1967",
  volume =	"71B",
  pages =	"241--245",
}

@InCollection{lncs43*49,
  author =	"J. von zur Gathen and M. Sieveking",
  title =	"Weitere zum Erf{\"u}llungsproblem polynomial
		 {\"a}quivalente kombinatorische Aufgahen",
  pages =	"49--71",
  editor =	"Ernst Specker and Volker Strassen",
  booktitle =	"Komplexit{\"a}t von Entscheidungsproblemen: ein
		 Seminar",
  year = 	"1976",
  series =	"LNCS",
  volume =	"43",
  publisher =	"Springer",
}


@incollection {MR0030135,
    AUTHOR = {John, Fritz},
     TITLE = {Extremum problems with inequalities as subsidiary conditions},
 BOOKTITLE = {Studies and {E}ssays {P}resented to {R}. {C}ourant on his 60th
              {B}irthday, {J}anuary 8, 1948},
     PAGES = {187--204},
 PUBLISHER = {Interscience Publishers, Inc., New York, N. Y.},
      YEAR = {1948},
   MRCLASS = {49.0X},
  MRNUMBER = {MR0030135 (10,719b)},
MRREVIEWER = {J. E. Wilkins, Jr.},
}



@article {MR1240454,
    AUTHOR = {Khachiyan, Leonid G. and Todd, Michael J.},
     TITLE = {On the complexity of approximating the maximal inscribed
              ellipsoid for a polytope},
   JOURNAL = {Math. Programming},
  FJOURNAL = {Mathematical Programming},
    VOLUME = {61},
      YEAR = {1993},
    NUMBER = {2, Ser. A},
     PAGES = {137--159},
      ISSN = {0025-5610},
     CODEN = {MHPGA4},
   MRCLASS = {90C08 (52B55 68Q25)},
  MRNUMBER = {MR1240454 (94m:90071)},
MRREVIEWER = {N. I. Yanev},
}


@TechReport{int:Nesterov4,
  author =	"Y. E. Nesterov and A. S. Nemirovski",
  title =	"Self--concordant functions and polynomial--time
		 methods in convex programming",
  year = 	"1989",
  institution =  "Central Economic and Mathematical Institute, USSR
		 Academy of Science",
  address =	"Moscow, USSR",
}

@article {MR1350756,
    AUTHOR = {G{\"a}rtner, Bernd},
     TITLE = {A subexponential algorithm for abstract optimization problems},
   JOURNAL = {SIAM J. Comput.},
  FJOURNAL = {SIAM Journal on Computing},
    VOLUME = {24},
      YEAR = {1995},
    NUMBER = {5},
     PAGES = {1018--1035},
      ISSN = {0097-5397},
     CODEN = {SMJCAT},
   MRCLASS = {68Q20 (68Q25 68U05 90C05 90C27)},
  MRNUMBER = {MR1350756 (96m:68067)},
MRREVIEWER = {Charles E. Blair},
}



@article {MR1394516,
    AUTHOR = {Ram{\'{\i}}rez-Alfons{\'{\i}}n, J. L.},
     TITLE = {Complexity of the {F}robenius problem},
   JOURNAL = {Combinatorica},
  FJOURNAL = {Combinatorica. An International Journal on Combinatorics and
              the Theory of Computing},
    VOLUME = {16},
      YEAR = {1996},
    NUMBER = {1},
     PAGES = {143--147},
      ISSN = {0209-9683},
     CODEN = {COMBDI},
   MRCLASS = {11D85 (11D04 11Y50 68Q25 90C27)},
  MRNUMBER = {MR1394516 (97d:11058)},
MRREVIEWER = {B{\'e}la Vizv{\'a}ri},
}



@Article{Shevchenko1981,
  author =       "Shevchenko, Valery Nikolaevich",
  title =        "On the number of extreme points in integer
                  programming",
  journal =      "Kibernetika",
  number =       "2",
  pages =        "133--134",
  year =         "1981",
  language =     "Russian",
}


@Article{HayesL1983,
  author =       "Hayes, A. C. and Larman, David G.",
  title =        "The Vertices of the Knapsack Polytope",
  journal =      dam,
  volume =       "6",
  number =       "2",
  pages =        "135--138",
  year =         "1983",
}


@incollection {MR2352190,
    AUTHOR = {Nguy{{e}}n, Phong Q. and Stehl{\'e}, Damien},
     TITLE = {Floating-point {LLL} revisited},
 BOOKTITLE = {Advances in cryptology---{EUROCRYPT} 2005},
    SERIES = {Lecture Notes in Comput. Sci.},
    VOLUME = {3494},
     PAGES = {215--233},
 PUBLISHER = {Springer},
   ADDRESS = {Berlin},
      YEAR = {2005},
   MRCLASS = {94A60 (11H16 11Y05)},
  MRNUMBER = {MR2352190},
}


@InProceedings{conf/stoc/GamaN08,
  title =	"Finding short lattice vectors within mordell's
		 inequality",
  author =	"Nicolas Gama and Phong Q. Nguyen",
  bibdate =	"2008-05-23",
  bibsource =	"DBLP,
		 http://dblp.uni-trier.de/db/conf/stoc/stoc2008.html#GamaN08",
  booktitle =	"Proceedings of the 40th Annual {ACM} Symposium on
		 Theory of Computing, Victoria, British Columbia,
		 Canada, STOC 2008",
  publisher =	"ACM",
  year = 	"2008",
  editor =	"Richard E. Ladner and Cynthia Dwork",
  pages =	"207--216"
}


@Article{Schonhage71,
  author =	"A. Sch{\"o}nhage",
  title =	"Schnelle Berechnung von Kettenbruchentwicklungen",
  journal =	"Acta Informatica",
  volume =	"1",
  pages =	"139--144",
  year = 	"1971",
}



@Article{SCHONHAGE71A,
  author =	"A. Sch{\"o}nhage and V. Strassen",
  title =	"Schnelle Multiplikation grosser Zahlen",
  journal =	"Computing",
  volume =	"7",
  year = 	"1971",
  pages =	"281--292",
  bibdate =	"Fri Mar 6 09:59:02 1987",
  owner =	"harrisc",
}


@InProceedings{conf/stoc/Furer07,
  title =	"Faster integer multiplication",
  author =	"Martin F{\"u}rer",
  bibdate =	"2007-06-13",
  booktitle =	"Proceedings of the 39th Annual {ACM} Symposium on
		 Theory of Computing, STOC 2007",
  publisher =	"ACM",
  year = 	"2007",
  editor =	"David S. Johnson and Uriel Feige",
  ISBN = 	"978-1-59593-631-8",
  pages =	"57--66",
}



@InProceedings{conf/icalp/BlomerN07,
  title =	"Sampling Methods for Shortest Vectors, Closest Vectors
		 and Successive Minima",
  author =	"Johannes Bl{\"o}mer and Stefanie Naewe",
  booktitle =	"Proceedings of the 34th International Colloquium  on Automata, Languages and Programming,   {ICALP} 2007",
  publisher =	"Springer",
  year = 	"2007",
  volume =	"4596",
  editor =	"Lars Arge and Christian Cachin and Tomasz Jurdzinski
		 and Andrzej Tarlecki",
  pages =	"65--77",
  series =	"Lecture Notes in Computer Science"
}






@article {MR2205284,
    AUTHOR = {Khot, Subhash},
     TITLE = {Hardness of approximating the shortest vector problem in high
              {$l\sb p$} norms},
   JOURNAL = {Journal of Computer and System Sciences},
    VOLUME = {72},
      YEAR = {2006},
    NUMBER = {2},
     PAGES = {206--219},
      ISSN = {0022-0000},
     CODEN = {JCSSBM},
   MRCLASS = {68Q17 (68Q25 94A60)},
  MRNUMBER = {MR2205284 (2007b:68066)},
MRREVIEWER = {Johan H{\aa}stad},
}

@article {MR1925787,
    AUTHOR = {Dinur, Irit},
     TITLE = {Approximating {${\rm SVP}\sb \infty$} to within
              almost-polynomial factors is {NP}-hard},
      NOTE = {Algorithms and complexity (Rome, 2000)},
    JOURNAL = {Theoretical Computer Science},
    VOLUME = {285},
      YEAR = {2002},
    NUMBER = {1},
     PAGES = {55--71},
      ISSN = {0304-3975},
     CODEN = {TCSDI},
   MRCLASS = {68Q17 (68W25)},
  MRNUMBER = {MR1925787 (2003f:68048)},
MRREVIEWER = {Yongge Wang},
}



@incollection {MR2277170,
    AUTHOR = {Regev, Oded and Rosen, Ricky},
     TITLE = {Lattice problems and norm embeddings},
 BOOKTITLE = {S{TOC}'06: {P}roceedings of the 38th {A}nnual {ACM}
              {S}ymposium on {T}heory of {C}omputing},
     PAGES = {447--456},
 PUBLISHER = {ACM},
   ADDRESS = {New York},
      YEAR = {2006},
   MRCLASS = {68Q17 (11H06 68Q25)},
  MRNUMBER = {MR2277170 (2007i:68034)},
}



@article {MR2124445
,
    AUTHOR = {Eisenbrand, F. and Laue, S{\"o}ren},
     TITLE = {A linear algorithm for integer programming in the plane},
  JOURNAL = {Mathematical Programming},
    VOLUME = 102,
      YEAR = 2005,
    NUMBER = {2, Ser. A},
     PAGES = {249--259},
      ISSN = {0025-5610},
   MRCLASS = {90C10 (90C60)},
  MRNUMBER = {MR2124445 (2005k:90080)},
MRREVIEWER = {Miguel F. Anjos},
}





@article {MR2383436,
    AUTHOR = {K{\"o}ppe, Matthias and Verdoolaege, Sven},
     TITLE = {Computing parametric rational generating functions with a
              primal {B}arvinok algorithm},
   JOURNAL = {Electron. J. Combin.},
  FJOURNAL = {Electronic Journal of Combinatorics},
    VOLUME = {15},
      YEAR = {2008},
    NUMBER = {1},
     PAGES = {Research Paper 16, 19},
      ISSN = {1077-8926},
   MRCLASS = {05A15 (52C07 68W30)},
  MRNUMBER = {MR2383436},
}


@article {MR1992831,
    AUTHOR = {Barvinok, Alexander and Woods, Kevin},
     TITLE = {Short rational generating functions for lattice point
              problems},
  JOURNAL = {Journal of the American Mathematical Society},
    VOLUME = {16},
      YEAR = {2003},
    NUMBER = {4},
     PAGES = {957--979 (electronic)},
      ISSN = {0894-0347},
   MRCLASS = {05A15 (11P21 13P10 52B55 68W30)},
  MRNUMBER = {MR1992831 (2004e:05009)},
MRREVIEWER = {Matthias Beck},
}


@article {MR1304623,
    AUTHOR = {Barvinok, Alexander I.},
     TITLE = {A polynomial time algorithm for counting integral points in
              polyhedra when the dimension is fixed},
  JOURNAL = {Mathematics of Operations Research},
    VOLUME = {19},
      YEAR = {1994},
    NUMBER = {4},
     PAGES = {769--779},
      ISSN = {0364-765X},
   MRCLASS = {52C07 (52B55 90C10)},
  MRNUMBER = {MR1304623 (96c:52026)},
MRREVIEWER = {Colin J. H. McDiarmid},
}


@book {MR1899299,
    AUTHOR = {Matou{\v{s}}ek, Ji{\v{r}}{\'{\i}}},
     TITLE = {Lectures on discrete geometry},
    SERIES = {Graduate Texts in Mathematics},
    VOLUME = {212},
 PUBLISHER = {Springer-Verlag},
   ADDRESS = {New York},
      YEAR = {2002},
     PAGES = {xvi+481},
      ISBN = {0-387-95373-6},
   MRCLASS = {52Cxx (52-01)},
  MRNUMBER = {MR1899299 (2003f:52011)},
MRREVIEWER = {E. Hertel},
}

@article {MR2398825,
    AUTHOR = {Eisenbrand, Friedrich and Pach, J{\'a}nos and Rothvo{\ss},
              Thomas and Sopher, Nir B.},
     TITLE = {Convexly independent subsets of the {M}inkowski sum of planar
              point sets},
   JOURNAL = {Electron. J. Combin.},
  FJOURNAL = {Electronic Journal of Combinatorics},
    VOLUME = {15},
      YEAR = {2008},
    NUMBER = {1},
     PAGES = {Note 8, 4},
      ISSN = {1077-8926},
   MRCLASS = {52Axx},
  MRNUMBER = {MR2398825},
}



@InBook{regev09:_lll,
  author =	 {Oded Regev},
  editor =	 {Phong Nguyen and Brigitte Vall{\'e}e},
  title = 	 {LLL+25},
  chapter = 	 {On the Complexity of Lattice Problems with Polynomial Approximation Factors},
  publisher = 	 {Springer},
  year = 	 2009,
  note =	 {to appear}
}


@article {MR2324965,
    AUTHOR = {Kern, Walter and Woeginger, Gerhard},
     TITLE = {Quadratic programming and combinatorial minimum weight product
              problems},
   JOURNAL = {Math. Program.},
  FJOURNAL = {Mathematical Programming. A Publication of the Mathematical
              Programming Society},
    VOLUME = {110},
      YEAR = {2007},
    NUMBER = {3, Ser. A},
     PAGES = {641--649},
      ISSN = {0025-5610},
   MRCLASS = {90C20 (90C27 90C35)},
  MRNUMBER = {MR2324965 (2008d:90022)},
MRREVIEWER = {R. N. Kaul},
}







@incollection{MR1478984,
    AUTHOR = {R{\"o}ssner, Carsten and Seifert, Jean-Pierre},
     TITLE = {Approximating good simultaneous {D}iophantine approximations
              is almost {NP}-hard},
 BOOKTITLE = {Mathematical foundations of computer science 1996 ({C}racow)},
    SERIES = {Lecture Notes in Comput. Sci.},
    VOLUME = {1113},
     PAGES = {494--505},
 PUBLISHER = {Springer},
   ADDRESS = {Berlin},
      YEAR = {1996},
   MRCLASS = {11Y16 (11J99 68Q25)},
  MRNUMBER = {MR1478984 (98g:11143)},
}


@article {MR2317479,
    AUTHOR = {Chen, Wenbin and Meng, Jiangtao},
     TITLE = {Hardness of approximating the minimum solutions of linear
              {D}iophantine equations},
   JOURNAL = {Theoret. Comput. Sci.},
  FJOURNAL = {Theoretical Computer Science},
    VOLUME = {374},
      YEAR = {2007},
    NUMBER = {1-3},
     PAGES = {191--195},
      ISSN = {0304-3975},
     CODEN = {TCSDI},
   MRCLASS = {68Q17 (68W25)},
  MRNUMBER = {MR2317479 (2008d:68033)},
MRREVIEWER = {Henrik B{\"a}{\"a}rnhielm},
}



@article {MR2403754,
    AUTHOR = {Zhao, M. and de Farias, Jr., I. R.},
     TITLE = {The mixing-{MIR} set with divisible capacities},
   JOURNAL = {Math. Program.},
  FJOURNAL = {Mathematical Programming. A Publication of the Mathematical
              Programming Society},
    VOLUME = {115},
      YEAR = {2008},
    NUMBER = {1, Ser. A},
     PAGES = {73--103},
      ISSN = {0025-5610},
   MRCLASS = {90C10 (90C11 90C57)},
  MRNUMBER = {MR2403754},
}




@inproceedings{DBLP:conf/ipco/ConfortiSW08,
  author    = {Michele Conforti and
               Marco Di Summa and
               Laurence A. Wolsey},
  title     = {The Mixing Set with Divisible Capacities},
  booktitle = {IPCO},
  year      = {2008},
  pages     = {435-449}

}



@article {MR1932060,
    AUTHOR = {Henk, Martin and Weismantel, Robert},
     TITLE = {Diophantine approximations and integer points of cones},
   JOURNAL = {Combinatorica},
  FJOURNAL = {Combinatorica. An International Journal on Combinatorics and
              the Theory of Computing},
    VOLUME = {22},
      YEAR = {2002},
    NUMBER = {3},
     PAGES = {401--407},
      ISSN = {0209-9683},
   MRCLASS = {90C10 (52C07)},
  MRNUMBER = {MR1932060 (2003h:90037)},
MRREVIEWER = {Anna Rycerz},
}



@Unpublished{Rothvoss08,
  author = 	 {Thomas Rothvo{\ss}},
  title = 	 {Hardness of Mixing Set},
  note = 	 {Manuscript},
  year = {2008}
}



@article {MR2529774,
    AUTHOR = {Vershynin, Roman},
     TITLE = {Beyond {H}irsch conjecture: walks on random polytopes and
              smoothed complexity of the simplex method},
   JOURNAL = {SIAM J. Comput.},
  FJOURNAL = {SIAM Journal on Computing},
    VOLUME = {39},
      YEAR = {2009},
    NUMBER = {2},
     PAGES = {646--678},
      ISSN = {0097-5397},
   MRCLASS = {68Q25 (52A22 68W40)},
  MRNUMBER = {2529774 (2011g:68123)},
       DOI = {10.1137/070683386},
       URL = {http://dx.doi.org/10.1137/070683386},
}




@incollection {MR1373674,
    AUTHOR = {Klee, Victor and Kleinschmidt, Peter},
     TITLE = {Convex polytopes and related complexes},
 BOOKTITLE = {Handbook of combinatorics, {V}ol.\ 1,\ 2},
     PAGES = {875--917},
 PUBLISHER = {Elsevier},
   ADDRESS = {Amsterdam},
      YEAR = {1995},
   MRCLASS = {52B11 (52B05)},
  MRNUMBER = {MR1373674 (97a:52016)},
MRREVIEWER = {P. McMullen},
}


@article {MR1018012,
    AUTHOR = {Klee, Victor and Kleinschmidt, Peter},
     TITLE = {Geometry of the {G}ass-{S}aaty parametric cost {LP} algorithm},
   JOURNAL = {Discrete Comput. Geom.},
  FJOURNAL = {Discrete \& Computational Geometry. An International Journal
              of Mathematics and Computer Science},
    VOLUME = {5},
      YEAR = {1990},
    NUMBER = {1},
     PAGES = {13--26},
      ISSN = {0179-5376},
     CODEN = {DCGEER},
   MRCLASS = {90C05},
  MRNUMBER = {MR1018012 (90i:90068)},
MRREVIEWER = {K. G. Murty},
}


@article {MR913867,
    AUTHOR = {Klee, Victor and Kleinschmidt, Peter},
     TITLE = {The {$d$}-step conjecture and its relatives},
   JOURNAL = {Math. Oper. Res.},
  FJOURNAL = {Mathematics of Operations Research},
    VOLUME = {12},
      YEAR = {1987},
    NUMBER = {4},
     PAGES = {718--755},
      ISSN = {0364-765X},
   MRCLASS = {52A25 (52A40 90C10)},
  MRNUMBER = {MR913867 (89a:52018)},
MRREVIEWER = {G. Ewald},
}


@article {MR593649,
    AUTHOR = {Mani, Peter and Walkup, David W.},
     TITLE = {A {$3$}-sphere counterexample to the {$W\sb{v}$}-path
              conjecture},
   JOURNAL = {Math. Oper. Res.},
  FJOURNAL = {Mathematics of Operations Research},
    VOLUME = {5},
      YEAR = {1980},
    NUMBER = {4},
     PAGES = {595--598},
      ISSN = {0364-765X},
   MRCLASS = {52A25},
  MRNUMBER = {MR593649 (82a:52004)},
MRREVIEWER = {P. McMullen},
}


@Article{JACM::DyerFK1991,
  title =	"A Random Polynomial-Time Algorithm for Approximating
		 the Volume of Convex Bodies",
  author =	"Martin Dyer and Alan Frieze and Ravi Kannan",
  area = 	"Computational Geometry",
  pages =	"1--17",
  journal =	"Journal of the ACM",
  month =	jan,
  year = 	"1991",
  volume =	"38",
  number =	"1"
}



@TechReport{KVW2008,
  author = 	 {M. K{\"o}ppe and  S. Verdoolaege and KM Woods},
  title = 	 {An implementation of the Barvinok--Woods integer projection algorithm},
  institution =  {Katholieke Universiteit Leuven},
  year = 	 {2008},
  OPTkey = 	 {},
  OPTtype = 	 {},
  OPTnumber = 	 {},
  OPTaddress = 	 {},
  OPTmonth = 	 {},
  OPTnote = 	 {},
  OPTannote = 	 {}
}



@Article{Wrathall1976,
  author =       "Wrathall, Celia",
  title =        "Complete Sets and the Polynomial-Time Hierarchy",
  journal =      tcs,
  volume =       "3",
  number =       "1",
  pages =        "23--33",
  year =         "1976",
}


@Article{Stockmeyer1976,
  author =       "Stockmeyer, Larry Joseph",
  title =        "The Polynomial-Time Hierarchy",
  journal =      tcs,
  volume =       "3",
  number =       "1",
  pages =        "1--22",
  year =         "1976",
}









@PHDTHESIS{Koch2004,
author = "Thorsten Koch",
title = "Rapid
Mathematical Programming",school = "Technische {Universit\"at}
Berlin",year = "2004",url =
"http://www.zib.de/Publications/abstracts/ZR-04-58/",note =
"ZIB-Report 04-58"}




@inproceedings{DBLP:conf/ipco/OrioloPS08,
  author    = {Gianpaolo Oriolo and
               Ugo Pietropaoli and
               Gautier Stauffer},
  title     = {A New Algorithm for the Maximum Weighted Stable Set Problem
               in Claw-Free Graphs},
  booktitle = {IPCO},
  year      = {2008},
  pages     = {77-96},
  ee        = {http://dx.doi.org/10.1007/978-3-540-68891-4_6},
  crossref  = {DBLP:conf/ipco/2008},
  bibsource = {DBLP, http://dblp.uni-trier.de}
}




@inproceedings{DBLP:conf/asiacrypt/PujolS08,
  author    = {Xavier Pujol and
               Damien Stehl{\'e}},
  title     = {Rigorous and Efficient Short Lattice Vectors Enumeration},
  booktitle = {14th International
               Conference on the Theory and Application of Cryptology and
               Information Security (ASIACRYPT 2008)},
  year      = {2008},
  pages     = {390-405},

}

@incollection {MR2402472,
    AUTHOR = {Haviv, Ishay and Regev, Oded},
     TITLE = {Tensor-based hardness of the shortest vector problem to within
              almost polynomial factors},
 BOOKTITLE = {S{TOC}'07---{P}roceedings of the 39th {A}nnual {ACM}
              {S}ymposium on {T}heory of {C}omputing},
     PAGES = {469--477},
 PUBLISHER = {ACM},
   ADDRESS = {New York},
      YEAR = {2007},
   MRCLASS = {68Q17},
  MRNUMBER = {MR2402472 (2009e:68036)},
}



@incollection {MR2467546,
    AUTHOR = {Lenstra, Jr., Hendrik W.},
     TITLE = {Lattices},
 BOOKTITLE = {Algorithmic number theory: lattices, number fields, curves and
              cryptography},
    SERIES = {Math. Sci. Res. Inst. Publ.},
     PAGES = {127--181},
 PUBLISHER = {Cambridge Univ. Press},
   ADDRESS = {Cambridge},
      YEAR = {2008},
   MRCLASS = {11Y16},
  MRNUMBER = {MR2467546},
}






@article {MR809751,
    AUTHOR = {Marcotte, Odile},
     TITLE = {The cutting stock problem and integer rounding},
  JOURNAL = {Mathematical Programming},
    VOLUME = {33},
      YEAR = {1985},
    NUMBER = {1},
     PAGES = {82--92},
      ISSN = {0025-5610},
     CODEN = {MHPGA4},
   MRCLASS = {90C10},
  MRNUMBER = {MR809751 (86k:90097)},
       DOI = {10.1007/BF01582013},
       URL = {http://dx.doi.org/10.1007/BF01582013},
}



@article {MR1453462,
    AUTHOR = {Verhaegh, W. F. J. and Aarts, E. H. L.},
     TITLE = {A polynomial-time algorithm for knapsack with divisible item
              sizes},
  JOURNAL = {Information Processing Letters},
    VOLUME = {62},
      YEAR = {1997},
    NUMBER = {4},
     PAGES = {217--221},
      ISSN = {0020-0190},
     CODEN = {IFPLAT},
   MRCLASS = {68Q25},
  MRNUMBER = {MR1453462 (97m:68105)},
       DOI = {10.1016/S0020-0190(97)00061-6},
       URL = {http://dx.doi.org/10.1016/S0020-0190(97)00061-6},
}



@Article{HSSW98,
  author = 	 { Helmbold, D. P. and Schapire, R. E. and  Singer, Y. and Warmuth, M. K.},
  title = 	 {On-Line Portfolio Selection Using Multiplicative Updates},
  journal = 	 {Mathematical Finance},
  year = 	 1998,
  volume =	 8,
  number =	 4,
  pages =	 {325-347}
}


@TechReport{AHK05,
  author = 	 {Arora, S. and  Hazan, E. and  Kale, S. },
  title = 	 {The multiplicative weights update method: a meta algorithm and applications},
  institution =  {Princeton},
  year = 	 2005
}




@inproceedings {MR1427503,
    AUTHOR = {Ajtai, M.},
     TITLE = {Generating hard instances of lattice problems (extended
              abstract)},
 BOOKTITLE = {Proceedings of the {T}wenty-eighth {A}nnual {ACM} {S}ymposium
              on the {T}heory of {C}omputing ({P}hiladelphia, {PA}, 1996)},
     PAGES = {99--108},
 PUBLISHER = {ACM},
   ADDRESS = {New York},
      YEAR = {1996},
   MRCLASS = {68Q25 (68P25 68Q15 94A60)},
  MRNUMBER = {1427503},
       DOI = {10.1145/237814.237838},
       URL = {http://dx.doi.org/10.1145/237814.237838},
}




@article {MR777278,
    AUTHOR = {Fincke, U. and Pohst, M.},
     TITLE = {Improved methods for calculating vectors of short length in a
              lattice, including a complexity analysis},
   JOURNAL = {Math. Comp.},
  FJOURNAL = {Mathematics of Computation},
    VOLUME = {44},
      YEAR = {1985},
    NUMBER = {170},
     PAGES = {463--471},
      ISSN = {0025-5718},
     CODEN = {MCMPAF},
   MRCLASS = {11H50 (11H55)},
  MRNUMBER = {777278 (86e:11050)},
MRREVIEWER = {A. K. Lenstra},
       DOI = {10.2307/2007966},
       URL = {http://dx.doi.org/10.2307/2007966},
}



@article {MR1297061,
    AUTHOR = {Schnorr, C.-P. and Euchner, M.},
     TITLE = {Lattice basis reduction: improved practical algorithms and
              solving subset sum problems},
   JOURNAL = {Math. Programming},
  FJOURNAL = {Mathematical Programming},
    VOLUME = {66},
      YEAR = {1994},
    NUMBER = {2, Ser. A},
     PAGES = {181--199},
      ISSN = {0025-5610},
     CODEN = {MHPGA4},
   MRCLASS = {90C27 (90C10)},
  MRNUMBER = {1297061 (95j:90064)},
MRREVIEWER = {J{\"u}rgen K{\"o}hler},
       DOI = {10.1007/BF01581144},
       URL = {http://dx.doi.org/10.1007/BF01581144},
}






@inproceedings{DBLP:conf/eurocrypt/GamaNR10,
  author    = {Nicolas Gama and
               Phong Q. Nguyen and
               Oded Regev},
 editor    = {Henri Gilbert},
  title     = {Lattice Enumeration Using Extreme Pruning},
  booktitle = {29th Annual International
               Conference on the Theory and Applications of Cryptographic
               Techniques, (EUROCRYPT 2010)},
  year      = 2010,
  pages     = {257-278},
 publisher = {Springer},
  series    = {Lecture Notes in Computer Science},
  volume    = 6110

}






@inproceedings{DBLP:conf/stoc/MicciancioV10,
  author    = {Daniele Micciancio and
               Panagiotis Voulgaris},
 editor    = {Leonard J. Schulman},
  title     = {A deterministic single exponential time algorithm for most
               lattice problems based on voronoi cell computations},
  booktitle = {Proceedings of the 42nd ACM Symposium on Theory of Computing,
               (STOC 2010)},
  year      = {2010},
  pages     = {351-358},

}




@TechReport{R2013,
  author = 	 {Thomas Rothvo{\ss}},
  title = 	 {Approximating Bin Packing within {$O(\log OPT + \log \log OPT)$} bins},
  institution =  {MIT},
  year = 	 {2013},
  OPTkey = 	 {},
  OPTtype = 	 {},
  OPTnumber = 	 {},
  OPTaddress = 	 {},
  OPTmonth = 	 {},
  OPTnote = 	 {},
  OPTannote = 	 {}
}

@incollection {DiscrepancyTheory-BeckSos95,
    FAUTHOR = {Beck, J{\'o}zsef and S{\'o}s, Vera T.},
    AUTHOR = {Beck, J. and S{\'o}s, V.},
     TITLE = {Discrepancy theory},
 BOOKTITLE = {Handbook of combinatorics, {V}ol.\ 1,\ 2},
     PAGES = {1405--1446},
 PUBLISHER = {Elsevier},
   ADDRESS = {Amsterdam},
      YEAR = {1995},
   MRCLASS = {11K38 (05D10)},
  MRNUMBER = {MR1373682 (96m:11060)},
MRREVIEWER = {Robert F. Tichy},
}



@Article{KleeWalkup,
  author = "Victor Klee and  David W. Walkup",
  title = "The $d$-step conjecture for polyhedra of dimension $d<6$",
  journal = "Acta Math. 133",
  year = "1967",
  pages = "53-78",
}


@article {Santos10,
    AUTHOR = {Santos, Francisco},
     TITLE = {A counterexample to the {H}irsch conjecture},
   JOURNAL = {Ann. of Math. (2)},
  FJOURNAL = {Annals of Mathematics. Second Series},
    VOLUME = {176},
      YEAR = {2012},
    NUMBER = {1},
     PAGES = {383--412},
      ISSN = {0003-486X},
     CODEN = {ANMAAH},
   MRCLASS = {52A37 (51M20 52A40 52B05 52B12)},
  MRNUMBER = {2925387},
MRREVIEWER = {J. B{\"o}hm},
       DOI = {10.4007/annals.2012.176.1.7},
       URL = {http://dx.doi.org/10.4007/annals.2012.176.1.7},
}
		

@inproceedings{DBLP:conf/cade/KuncakR07,
  author    = {Viktor Kuncak and
               Martin C. Rinard},
  title     = {Towards Efficient Satisfiability Checking for Boolean Algebra
               with Presburger Arithmetic},
  booktitle = {21st International Conference
               on Automated Deduction,  CADE-21},
 publisher = {Springer},
  series    = {Lecture Notes in Computer Science},
  volume    = 4603,
  year      = 2007,
  year      = 2007,
  pages     = {215-230}
}




@inproceedings{DBLP:conf/icalp/Jansen09,
  author    = {Klaus Jansen},
  title     = {An EPTAS for Scheduling Jobs on Uniform Processors: Using
               an MILP Relaxation with a Constant Number of Integral Variables},
  booktitle = {36th International
               Colloquium on Automata, Languages and Programming (ICALP 2009)},
  year      = 2009,
  pages     = {562-573},
 publisher = {Springer},
  series    = {Lecture Notes in Computer Science},
  volume    = 5555
}






@Misc{DPV10,
  author =	 {Daniel Dadush and Chris Peikert and Santosh Vempala },
  title =	 {Enumerative Algorithms for the Shortest and Closest Lattice Vector Problems  in Any Norm via {M}-Ellipsoid Coverings},
  howpublished = {Manuscript},
  year =	 2010
}



@article {MR1274170,
    AUTHOR = {Dyer, Martin and Frieze, Alan},
     TITLE = {Random walks, totally unimodular matrices, and a randomised
              dual simplex algorithm},
   SJOURNAL = {Math. Programming},
  JOURNAL = {Mathematical Programming},
    VOLUME = {64},
      YEAR = {1994},
    NUMBER = {1, Ser. A},
     PAGES = {1--16},
      ISSN = {0025-5610},
     CODEN = {MHPGA4},
   MRCLASS = {90C05 (60J15)},
  MRNUMBER = {1274170 (95c:90068)},
MRREVIEWER = {Douglas John White},
       DOI = {10.1007/BF01582563},
       URL = {http://dx.doi.org/10.1007/BF01582563},
}

@article {MR2145860,
    AUTHOR = {Spielman, Daniel A. and Teng, Shang-Hua},
     TITLE = {Smoothed analysis of algorithms: {W}hy the simplex algorithm
              usually takes polynomial time},
   FJOURNAL = {J. ACM},
  JOURNAL = {Journal of the ACM},
    VOLUME = {51},
      YEAR = {2004},
    NUMBER = {3},
     PAGES = {385--463 (electronic)},
      ISSN = {0004-5411},
   MRCLASS = {90C05 (68W40 90C60)},
  MRNUMBER = {2145860 (2006f:90029)},
MRREVIEWER = {Panos M. Pardalos},
       DOI = {10.1145/990308.990310},
       URL = {http://dx.doi.org/10.1145/990308.990310},
}

@book {MR868467,
    AUTHOR = {Borgwardt, Karl-Heinz},
     TITLE = {The simplex method},
    SERIES = {Algorithms and Combinatorics: Study and Research Texts},
    VOLUME = {1},
      NOTE = {A probabilistic analysis},
 PUBLISHER = {Springer-Verlag},
   ADDRESS = {Berlin},
      YEAR = {1987},
     PAGES = {xii+268},
      ISBN = {3-540-17096-0},
   MRCLASS = {90C05},
  MRNUMBER = {868467 (88k:90110)},
MRREVIEWER = {J{\"u}rgen K{\"o}hler},
}

@article{merkle1996logarithmic,
  title={Logarithmic convexity and inequalities for the gamma function},
  author={Merkle, M.},
  journal={Journal of mathematical analysis and applications},
  volume={203},
  number={2},
  pages={369--380},
  year={1996},
  publisher={New York, Academic Press.}
}

@article{lovasz1993random,
  title={Random walks in a convex body and an improved volume algorithm},
  author={Lov{\'a}sz, L. and Simonovits, M.},
  journal={Random structures \& algorithms},
  volume={4},
  number={4},
  pages={359--412},
  year={1993},
  publisher={Wiley Online Library}
}




@article {MR0496673,
    AUTHOR = {Adler, Ilan and Dantzig, George B.},
     TITLE = {Maximum diameter of abstract polytopes},
      NOTE = {Pivoting and extensions},
   JOURNAL = {Mathematical Programming Study},
    NUMBER = {1},
      YEAR = {1974},
     PAGES = {20--40},
      ISSN = {0303-3929},
   MRCLASS = {90C30},
  MRNUMBER = {MR0496673 (58 \#15169)},
MRREVIEWER = {Michael S. Martin},
}


@article {MR1486304,
    AUTHOR = {Orlin, James B.},
     TITLE = {A polynomial time primal network simplex algorithm for minimum
              cost flows},
      NOTE = {Network optimization: algorithms and applications (San
              Miniato, 1993)},
    JOURNAL = {Mathematical Programming},
    VOLUME = {78},
      YEAR = {1997},
    NUMBER = {2, Ser. B},
     PAGES = {109--129},
      ISSN = {0025-5610},
     CODEN = {MHPGA4},
   MRCLASS = {90C35 (68Q25)},
  MRNUMBER = {1486304 (99c:90149)},
MRREVIEWER = {Prabir Das},
       DOI = {10.1016/S0025-5610(97)00011-7},
       URL = {http://dx.doi.org/10.1016/S0025-5610(97)00011-7},
}

@article {MR2223631,
    AUTHOR = {Brightwell, Graham and van den Heuvel, Jan and Stougie, Leen},
     TITLE = {A linear bound on the diameter of the transportation polytope},
   JOURNAL = {Combinatorica},
  FJOURNAL = {Combinatorica. An International Journal on Combinatorics and
              the Theory of Computing},
    VOLUME = {26},
      YEAR = {2006},
    NUMBER = {2},
     PAGES = {133--139},
      ISSN = {0209-9683},
   MRCLASS = {90C27 (90C08)},
  MRNUMBER = {2223631 (2008c:90052)},
MRREVIEWER = {Sheng Bau},
       DOI = {10.1007/s00493-006-0010-5},
       URL = {http://dx.doi.org/10.1007/s00493-006-0010-5},
}



@article{Gupta20113,
title = "Approximation algorithms for network design: A survey",
journal = "Surveys in Operations Research and Management Science",
volume = "16",
number = "1",
pages = "3 - 20",
year = "2011",
note = "",
issn = "1876-7354",
doi = "10.1016/j.sorms.2010.06.001",
url = "http://www.sciencedirect.com/science/article/pii/S1876735410000024",
author = "Anupam Gupta and Jochen K{\"o}nemann"
}

@book {MR2798112,
    AUTHOR = {Williamson, David P. and Shmoys, David B.},
     TITLE = {The design of approximation algorithms},
 PUBLISHER = {Cambridge University Press},
   ADDRESS = {Cambridge},
      YEAR = {2011},
     PAGES = {xii+504},
      ISBN = {978-0-521-19527-0},
   MRCLASS = {68-01 (68W25)},
  MRNUMBER = {2798112},
}


@incollection {MR2551012,
    AUTHOR = {Rothvo{\ss}, Thomas and Sanit{\`a}, Laura},
     TITLE = {On the complexity of the asymmetric {VPN} problem},
 BOOKTITLE = {Approximation, randomization, and combinatorial optimization},
    SERIES = {Lecture Notes in Comput. Sci.},
    VOLUME = {5687},
     PAGES = {326--338},
 PUBLISHER = {Springer},
   ADDRESS = {Berlin},
      YEAR = {2009},
   MRCLASS = {68W25},
  MRNUMBER = {2551012},
}



@inproceedings{DBLP:conf/focs/AndrewsAZ10,
  author    = {Matthew Andrews and
               Spyridon Antonakopoulos and
               Lisa Zhang},
  title     = {Minimum-Cost Network Design with (Dis)economies of Scale},
  booktitle = {FOCS},
  year      = {2010},
  pages     = {585-592},
  ee        = {http://doi.ieeecomputersociety.org/10.1109/FOCS.2010.61},
  crossref  = {DBLP:conf/focs/2010},
  bibsource = {DBLP, http://dblp.uni-trier.de},
  note  = {Talk at http://techtalks.tv/talks/1337/}
}

@incollection {MR1105115,
    AUTHOR = {Kannan, Ravi},
     TITLE = {Test sets for integer programs, {$\forall\exists$} sentences},
 BOOKTITLE = {Polyhedral combinatorics ({M}orristown, {NJ}, 1989)},
    SERIES = {DIMACS Ser. Discrete Math. Theoret. Comput. Sci.},
    VOLUME = {1},
     PAGES = {39--47},
 PUBLISHER = {Amer. Math. Soc.},
   ADDRESS = {Providence, RI},
      YEAR = {1990},
   MRCLASS = {90C10 (03D15)},
  MRNUMBER = {1105115 (92c:90079)},
MRREVIEWER = {Joachim Piehler},
}

@article {MR1179254,
    AUTHOR = {Kannan, Ravi},
     TITLE = {Lattice translates of a polytope and the {F}robenius problem},
   JOURNAL = {Combinatorica},
  FJOURNAL = {Combinatorica. An International Journal on Combinatorics and
              the Theory of Computing},
    VOLUME = {12},
      YEAR = {1992},
    NUMBER = {2},
     PAGES = {161--177},
      ISSN = {0209-9683},
     CODEN = {COMBDI},
   MRCLASS = {52B55 (52C07 90C60)},
  MRNUMBER = {1179254 (93k:52015)},
MRREVIEWER = {Gerard Sierksma},
       DOI = {10.1007/BF01204720},
       URL = {http://dx.doi.org/10.1007/BF01204720},
}

@article {MR2464645,
    AUTHOR = {Eisenbrand, Friedrich and Shmonin, Gennady},
     TITLE = {Parametric integer programming in fixed dimension},
   JOURNAL = {Math. Oper. Res.},
  FJOURNAL = {Mathematics of Operations Research},
    VOLUME = {33},
      YEAR = {2008},
    NUMBER = {4},
     PAGES = {839--850},
      ISSN = {0364-765X},
   MRCLASS = {90C10 (90C60)},
  MRNUMBER = {2464645 (2009j:90078)},
MRREVIEWER = {K. G. Murty},
       DOI = {10.1287/moor.1080.0320},
       URL = {http://dx.doi.org/10.1287/moor.1080.0320},
}

@article {MR0438810,
    AUTHOR = {Stockmeyer, Larry J.},
     TITLE = {The polynomial-time hierarchy},
   JOURNAL = {Theoret. Comput. Sci.},
  FJOURNAL = {Theoretical Computer Science},
    VOLUME = {3},
      YEAR = {1976},
    NUMBER = {1},
     PAGES = {1--22 (1977)},
      ISSN = {0304-3975},
   MRCLASS = {68A20},
  MRNUMBER = {0438810 (55 \#11716)},
MRREVIEWER = {John T. Gill},
}

@book {MR2445243,
    AUTHOR = {Hardy, G. H. and Wright, E. M.},
     TITLE = {An introduction to the theory of numbers},
   EDITION = {Sixth},
      NOTE = {Revised by D. R. Heath-Brown and J. H. Silverman,
              With a foreword by Andrew Wiles},
 PUBLISHER = {Oxford University Press},
   ADDRESS = {Oxford},
      YEAR = {2008},
     PAGES = {xxii+621},
      ISBN = {978-0-19-921986-5},
   MRCLASS = {11-01},
  MRNUMBER = {2445243 (2009i:11001)},
}


@article {MR1663099,
    AUTHOR = {Balas, Egon},
     TITLE = {Disjunctive programming: properties of the convex hull of
              feasible points},
   JOURNAL = {Discrete Appl. Math.},
  FJOURNAL = {Discrete Applied Mathematics. The Journal of Combinatorial
              Algorithms, Informatics and Computational Sciences},
    VOLUME = {89},
      YEAR = {1998},
    NUMBER = {1-3},
     PAGES = {3--44},
      ISSN = {0166-218X},
     CODEN = {DAMADU},
   MRCLASS = {90C08 (90C10 90C11)},
  MRNUMBER = {1663099 (99k:90101)},
MRREVIEWER = {K. G. Murty},
       DOI = {10.1016/S0166-218X(98)00136-X},
       URL = {http://dx.doi.org/10.1016/S0166-218X(98)00136-X},
}

@inproceedings{DBLP:conf/ipco/ConfortiPSFG13,
  author    = {Michele Conforti and
               Alberto Del Pia and
               Marco Di Summa and
               Yuri Faenza and
               Roland Grappe},
  title     = {Reverse Chv{\'a}tal-Gomory Rank},
  booktitle = {IPCO},
  year      = {2013},
  pages     = {133-144},
  ee        = {http://dx.doi.org/10.1007/978-3-642-36694-9_12},
  crossref  = {DBLP:conf/ipco/2013},
  bibsource = {DBLP, http://dblp.uni-trier.de}
}
@proceedings{DBLP:conf/ipco/2013,
  editor    = {Michel X. Goemans and
               Jos{\'e} R. Correa},
  title     = {Integer Programming and Combinatorial Optimization - 16th
               International Conference, IPCO 2013, Valpara\'{\i}so,
               Chile, March 18-20, 2013. Proceedings},
  booktitle = {IPCO},
  publisher = {Springer},
  series    = {Lecture Notes in Computer Science},
  volume    = {7801},
  year      = {2013},
  isbn      = {978-3-642-36693-2},
  ee        = {http://dx.doi.org/10.1007/978-3-642-36694-9},
  bibsource = {DBLP, http://dblp.uni-trier.de}
}


@article {MR597387,
    AUTHOR = {Schrijver, A.},
     TITLE = {On cutting planes},
      NOTE = {Combinatorics 79 (Proc. Colloq., Univ. Montr{\'e}al, Montreal,
              Que., 1979), Part II},
   JOURNAL = {Ann. Discrete Math.},
  FJOURNAL = {Annals of Discrete Mathematics},
    VOLUME = {9},
      YEAR = {1980},
     PAGES = {291--296},
   MRCLASS = {90C10 (90C05)},
  MRNUMBER = {597387 (82b:90080)},
}



@article {MR839604,
    AUTHOR = {Cook, W. and Gerards, A. M. H. and Schrijver, A. and Tardos,
              {\'E}.},
     TITLE = {Sensitivity theorems in integer linear programming},
   JOURNAL = {Math. Programming},
  FJOURNAL = {Mathematical Programming},
    VOLUME = {34},
      YEAR = {1986},
    NUMBER = {3},
     PAGES = {251--264},
      ISSN = {0025-5610},
     CODEN = {MHPGA4},
   MRCLASS = {90C10},
  MRNUMBER = {839604 (87i:90159)},
MRREVIEWER = {C. B. Millham},
       DOI = {10.1007/BF01582230},
       URL = {http://dx.doi.org/10.1007/BF01582230},
}

@incollection {MR1491097,
    AUTHOR = {Ball, Keith},
     TITLE = {An elementary introduction to modern convex geometry},
 BOOKTITLE = {Flavors of geometry},
    SERIES = {Math. Sci. Res. Inst. Publ.},
    VOLUME = {31},
     PAGES = {1--58},
 PUBLISHER = {Cambridge Univ. Press},
   ADDRESS = {Cambridge},
      YEAR = {1997},
   MRCLASS = {52-02 (46B07 52A21 52A40)},
  MRNUMBER = {1491097 (99f:52002)},
MRREVIEWER = {Peter M. Gruber},
}






@incollection {MR2931978,
    AUTHOR = {Friedmann, Oliver and Hansen, Thomas Dueholm and Zwick, Uri},
     TITLE = {Subexponential lower bounds for randomized pivoting rules for
              the simplex algorithm},
 BOOKTITLE = {S{TOC}'11---{P}roceedings of the 43rd {ACM} {S}ymposium on
              {T}heory of {C}omputing},
     PAGES = {283--292},
 PUBLISHER = {ACM},
   ADDRESS = {New York},
      YEAR = {2011},
   MRCLASS = {90C49 (90C05 90C40)},
  MRNUMBER = {2931978},
       DOI = {10.1145/1993636.1993675},
       URL = {http://dx.doi.org/10.1145/1993636.1993675},
}
		

@inproceedings {MR2857122,
    AUTHOR = {Friedmann, Oliver and Hansen, Thomas Dueholm and Zwick, Uri},
     TITLE = {A subexponential lower bound for the random facet algorithm
              for parity games},
 BOOKTITLE = {Proceedings of the {T}wenty-{S}econd {A}nnual {ACM}-{SIAM}
              {S}ymposium on {D}iscrete {A}lgorithms},
     PAGES = {202--216},
 PUBLISHER = {SIAM},
   ADDRESS = {Philadelphia, PA},
      YEAR = {2011},
   MRCLASS = {68Q60 (68Q17 91A10)},
  MRNUMBER = {2857122 (2012j:68180)},
}
		




@Misc{Polymath3,
  author = {Gil Kalai},
  title =	 {Polymath {III}: {T}he Polynomial {H}irsch Conjecture, Combinatorics and more} ,
  howpublished = {see {\tt http://gilkalai.wordpress.com/}}
}




@incollection {MR0085148,
    AUTHOR = {Hoffman, A. J. and Kruskal, J. B.},
     TITLE = {Integral boundary points of convex polyhedra},
 BOOKTITLE = {Linear inequalities and related systems},
    SERIES = {Annals of Mathematics Studies, no. 38},
     PAGES = {223--246},
 PUBLISHER = {Princeton University Press},
   ADDRESS = {Princeton, N. J.},
      YEAR = {1956},
   MRCLASS = {90.0X},
  MRNUMBER = {0085148 (18,980b)},
MRREVIEWER = {D. Gale},
}
		

@article {MR779900,
    AUTHOR = {Karmarkar, N.},
     TITLE = {A new polynomial-time algorithm for linear programming},
   JOURNAL = {Combinatorica},
  FJOURNAL = {Combinatorica. An International Journal of the J\'anos Bolyai
              Mathematical Society},
    VOLUME = {4},
      YEAR = {1984},
    NUMBER = {4},
     PAGES = {373--395},
      ISSN = {0209-9683},
     CODEN = {COMBDI},
   MRCLASS = {90C05},
  MRNUMBER = {779900 (86i:90072)},
MRREVIEWER = {K. G. Murty},
       DOI = {10.1007/BF02579150},
       URL = {http://dx.doi.org/10.1007/BF02579150},
}
		


@inproceedings{DBLP:conf/stoc/Kalai92,
  author    = {Gil Kalai},
  title     = {A Subexponential Randomized Simplex Algorithm (Extended
               Abstract)},
  booktitle = {Proceedings of the 24th Annual ACM Symposium on Theory of
               Computing (STOC92)},
  year      = {1992},
  pages     = {475-482},
  ee        = {http://doi.acm.org/10.1145/129712.129759},
  crossref  = {DBLP:conf/stoc/STOC24},
  bibsource = {DBLP, http://dblp.uni-trier.de}
}


@book {MR2798112,
    AUTHOR = {Williamson, David P. and Shmoys, David B.},
     TITLE = {The design of approximation algorithms},
 PUBLISHER = {Cambridge University Press},
   ADDRESS = {Cambridge},
      YEAR = {2011},
     PAGES = {xii+504},
      ISBN = {978-0-521-19527-0},
   MRCLASS = {68-01 (68W25)},
  MRNUMBER = {2798112},
MRREVIEWER = {Dana Simian},
}
	

@incollection {MR2743307,
    AUTHOR = {Byrka, Jaros{\l}aw and Grandoni, Fabrizio and Rothvo{\ss},
              Thomas and Sanit{\`a}, Laura},
     TITLE = {An improved {LP}-based approximation for {S}teiner tree},
 BOOKTITLE = {S{TOC}'10---{P}roceedings of the 2010 {ACM} {I}nternational
              {S}ymposium on {T}heory of {C}omputing},
     PAGES = {583--592},
 PUBLISHER = {ACM},
   ADDRESS = {New York},
      YEAR = {2010},
   MRCLASS = {68W25 (90C27)},
  MRNUMBER = {2743307 (2011i:68161)},
}


@incollection {MR2932732,
    AUTHOR = {M{\"o}mke, Tobias and Svensson, Ola},
     TITLE = {Approximating graphic {TSP} by matchings},
 BOOKTITLE = {2011 {IEEE} 52nd {A}nnual {S}ymposium on {F}oundations of
              {C}omputer {S}cience---{FOCS} 2011},
     PAGES = {560--569},
 PUBLISHER = {IEEE Computer Soc., Los Alamitos, CA},
      YEAR = {2011},
   MRCLASS = {68W25 (05C70 05C85 90C27)},
  MRNUMBER = {2932732},
       DOI = {10.1109/FOCS.2011.56},
       URL = {http://dx.doi.org/10.1109/FOCS.2011.56},
}





@Unpublished{RW12,
  author = 	 {Robert Weismantel},
  title = 	 {Knapsack with fixed item sizes},
  note = 	 {personal communication},
  year =	 2012
}

@article {MR1723044,
    AUTHOR = {Reed, Bruce},
     TITLE = {Mangoes and blueberries},
   JOURNAL = {Combinatorica},
  FJOURNAL = {Combinatorica. An International Journal on Combinatorics and
              the Theory of Computing},
    VOLUME = {19},
      YEAR = {1999},
    NUMBER = {2},
     PAGES = {267--296},
      ISSN = {0209-9683},
   MRCLASS = {05C75},
  MRNUMBER = {1723044 (2000i:05160)},
MRREVIEWER = {Andr{\'a}s Gy{\'a}rf{\'a}s},
       DOI = {10.1007/s004930050056},
       URL = {http://dx.doi.org/10.1007/s004930050056},
}
		



@article {MR986890,
    AUTHOR = {Chv{\'a}tal, V. and Cook, W. and Hartmann, M.},
     TITLE = {On cutting-plane proofs in combinatorial optimization},
   JOURNAL = {Linear Algebra Appl.},
  FJOURNAL = {Linear Algebra and its Applications},
    VOLUME = {114/115},
      YEAR = {1989},
     PAGES = {455--499},
      ISSN = {0024-3795},
     CODEN = {LAAPAW},
   MRCLASS = {90C27 (68R10 90C10)},
  MRNUMBER = {986890 (90d:90067)},
MRREVIEWER = {Endre Boros},
       DOI = {10.1016/0024-3795(89)90476-X},
       URL = {http://dx.doi.org/10.1016/0024-3795(89)90476-X},
}

@article {MR1902177,
    AUTHOR = {Applegate, David and Cook, William and Dash, Sanjeeb and Rohe,
              Andr{\'e}},
     TITLE = {Solution of a min-max vehicle routing problem},
   JOURNAL = {INFORMS J. Comput.},
  FJOURNAL = {INFORMS Journal on Computing},
    VOLUME = {14},
      YEAR = {2002},
    NUMBER = {2},
     PAGES = {132--143},
      ISSN = {1091-9856},
   MRCLASS = {90C27 (90B80 90B90)},
  MRNUMBER = {1902177 (2003b:90079)},
       DOI = {10.1287/ijoc.14.2.132.118},
       URL = {http://dx.doi.org/10.1287/ijoc.14.2.132.118},
}




@article {MR677087,
    AUTHOR = {Papadimitriou, Christos H.},
     TITLE = {On the complexity of integer programming},
   JOURNAL = {J. Assoc. Comput. Mach.},
  FJOURNAL = {Journal of the Association for Computing Machinery},
    VOLUME = {28},
      YEAR = {1981},
    NUMBER = {4},
     PAGES = {765--768},
      ISSN = {0004-5411},
     CODEN = {JACOAH},
   MRCLASS = {90C10 (68C25)},
  MRNUMBER = {677087 (83k:90073)},
       DOI = {10.1145/322276.322287},
       URL = {http://dx.doi.org/10.1145/322276.322287},
}
	




@inproceedings{DBLP:dblp_conf/focs/NewmanNN12,
   author              = {Alantha Newman and
                          Ofer Neiman and
                          Aleksandar Nikolov},
   title               = {Beck's Three Permutations Conjecture: A Counterexample and Some Consequences.},
   booktitle           = {FOCS},
   year                = {2012},
   pages               = {253-262},
   ee                  = {http://doi.ieeecomputersociety.org/10.1109/FOCS.2012.84},
   crossref            = {2012},
}




@Misc{shapire2003,
  author =	 {Rob Shapire},
  title =	 {Foundations of macine learning},
  year =	 2003,
  note =	 {Scribe notes {\tt http://www.cs.princeton.edu/courses/archive/spring03/cs511/ }}
}

@inproceedings {MR723695,
    AUTHOR = {Balas, Egon and Pulleyblank, William},
     TITLE = {The perfectly matchable subgraph polytope of a bipartite
              graph},
 BOOKTITLE = {Proceedings of the symposium on the matching problem: theory,
              algorithms, and applications ({G}aithersburg, {M}d., 1981)},
   JOURNAL = {Networks},
  FJOURNAL = {Networks. An International Journal},
    VOLUME = {13},
      YEAR = {1983},
    NUMBER = {4},
     PAGES = {495--516},
      ISSN = {0028-3045},
     CODEN = {NTWKAA},
   MRCLASS = {05C70},
  MRNUMBER = {723695 (85d:05189)},
MRREVIEWER = {M. M. Sys{\l}o},
       DOI = {10.1002/net.3230130405},
       URL = {http://dx.doi.org/10.1002/net.3230130405},
}


@article {MR1107895,
    AUTHOR = {Martin, R. Kipp},
     TITLE = {Using separation algorithms to generate mixed integer model
              reformulations},
   JOURNAL = {Oper. Res. Lett.},
  FJOURNAL = {Operations Research Letters},
    VOLUME = {10},
      YEAR = {1991},
    NUMBER = {3},
     PAGES = {119--128},
      ISSN = {0167-6377},
     CODEN = {ORLED5},
   MRCLASS = {90C11 (90C27)},
  MRNUMBER = {1107895 (92g:90114)},
MRREVIEWER = {B{\'e}la Vizv{\'a}ri},
       DOI = {10.1016/0167-6377(91)90028-N},
       URL = {http://dx.doi.org/10.1016/0167-6377(91)90028-N},
}
		

@incollection {MR2041934,
    AUTHOR = {Lasserre, Jean B.},
     TITLE = {An explicit exact {SDP} relaxation for nonlinear 0-1 programs},
 BOOKTITLE = {Integer programming and combinatorial optimization ({U}trecht,
              2001)},
    SERIES = {Lecture Notes in Comput. Sci.},
    VOLUME = {2081},
     PAGES = {293--303},
 PUBLISHER = {Springer},
   ADDRESS = {Berlin},
      YEAR = {2001},
   MRCLASS = {90C09 (90C22)},
  MRNUMBER = {2041934 (2004m:90089)},
       DOI = {10.1007/3-540-45535-3_23},
       URL = {http://dx.doi.org/10.1007/3-540-45535-3_23},
}
		
@article {MR1969113,
    AUTHOR = {Caprara, Alberto and Letchford, Adam N.},
     TITLE = {On the separation of split cuts and related inequalities},
      NOTE = {The Aussois 2000 Workshop in Combinatorial Optimization},
   JOURNAL = {Math. Program.},
  FJOURNAL = {Mathematical Programming. A Publication of the Mathematical
              Programming Society},
    VOLUME = {94},
      YEAR = {2003},
    NUMBER = {2-3, Ser. B},
     PAGES = {279--294},
      ISSN = {0025-5610},
   MRCLASS = {90C27 (90C10)},
  MRNUMBER = {1969113 (2004c:90044)},
       DOI = {10.1007/s10107-002-0320-3},
       URL = {http://dx.doi.org/10.1007/s10107-002-0320-3},
}

@article {MR1059391,
    AUTHOR = {Cook, W. and Kannan, R. and Schrijver, A.},
     TITLE = {Chv\'atal closures for mixed integer programming problems},
   JOURNAL = {Math. Programming},
  FJOURNAL = {Mathematical Programming},
    VOLUME = {47},
      YEAR = {1990},
    NUMBER = {2, (Ser. A)},
     PAGES = {155--174},
      ISSN = {0025-5610},
     CODEN = {MHPGA4},
   MRCLASS = {90C11},
  MRNUMBER = {1059391 (91c:90077)},
MRREVIEWER = {Klaus Hofstedt},
       DOI = {10.1007/BF01580858},
       URL = {http://dx.doi.org/10.1007/BF01580858},
}


@article {MR2185926,
    AUTHOR = {Bienstock, Daniel and Zuckerberg, Mark},
     TITLE = {Approximate fixed-rank closures of covering problems},
   JOURNAL = {Math. Program.},
  FJOURNAL = {Mathematical Programming. A Publication of the Mathematical
              Programming Society},
    VOLUME = {105},
      YEAR = {2006},
    NUMBER = {1, Ser. A},
     PAGES = {9--27},
      ISSN = {0025-5610},
   MRCLASS = {90C09 (90C57)},
  MRNUMBER = {2185926 (2006h:90033)},
MRREVIEWER = {Rainer Burkard},
       DOI = {10.1007/s10107-005-0598-z},
       URL = {http://dx.doi.org/10.1007/s10107-005-0598-z},
}
		
@incollection {MR2820917,
    AUTHOR = {Karlin, Anna R. and Mathieu, Claire and Nguyen, C. Thach},
     TITLE = {Integrality gaps of linear and semi-definite programming
              relaxations for knapsack},
 BOOKTITLE = {Integer programming and combinatorial optimization},
    SERIES = {Lecture Notes in Comput. Sci.},
    VOLUME = {6655},
     PAGES = {301--314},
 PUBLISHER = {Springer},
   ADDRESS = {Heidelberg},
      YEAR = {2011},
   MRCLASS = {90C27 (90C22 90C57)},
  MRNUMBER = {2820917 (2012k:90106)},
MRREVIEWER = {Franz Rendl},
       DOI = {10.1007/978-3-642-20807-2_24},
       URL = {http://dx.doi.org/10.1007/978-3-642-20807-2_24},
}

@incollection {MR2820894,
    AUTHOR = {Au, Yu Hin and Tun{\c{c}}el, Levent},
     TITLE = {Complexity analyses of {B}ienstock-{Z}uckerberg and {L}asserre
              relaxations on the matching and stable set polytopes},
 BOOKTITLE = {Integer programming and combinatorial optimization},
    SERIES = {Lecture Notes in Comput. Sci.},
    VOLUME = {6655},
     PAGES = {14--26},
 PUBLISHER = {Springer},
   ADDRESS = {Heidelberg},
      YEAR = {2011},
   MRCLASS = {90C10 (90C22 90C57)},
  MRNUMBER = {2820894 (2012m:90111)},
MRREVIEWER = {Cristina Requejo},
       DOI = {10.1007/978-3-642-20807-2_2},
       URL = {http://dx.doi.org/10.1007/978-3-642-20807-2_2},
}

@article {MR2112976,
    AUTHOR = {Bienstock, Daniel and Zuckerberg, Mark},
     TITLE = {Subset algebra lift operators for 0-1 integer programming},
   JOURNAL = {SIAM J. Optim.},
  FJOURNAL = {SIAM Journal on Optimization},
    VOLUME = {15},
      YEAR = {2004},
    NUMBER = {1},
     PAGES = {63--95},
      ISSN = {1052-6234},
   MRCLASS = {90C09 (90C10 90C27)},
  MRNUMBER = {2112976 (2005h:90069)},
MRREVIEWER = {Klaus Hofstedt},
       DOI = {10.1137/S1052623402420346},
       URL = {http://dx.doi.org/10.1137/S1052623402420346},
}
		

@inproceedings{DBLP:conf/soda/FaenzaOS12,
  author    = {Yuri Faenza and
               Gianpaolo Oriolo and
               Gautier Stauffer},
  title     = {Separating stable sets in claw-free graphs via Padberg-Rao
               and compact linear programs},
  booktitle = {SODA},
  year      = {2012},
  pages     = {1298-1308},
  ee        = {http://portal.acm.org/citation.cfm?id=2095218{\&}CFID=63838676{\&}CFTOKEN=79617016},
  crossref  = {DBLP:conf/soda/2012},
  bibsource = {DBLP, http://dblp.uni-trier.de}
}
@proceedings{DBLP:conf/soda/2012,
  editor    = {Yuval Rabani},
  title     = {Proceedings of the Twenty-Third Annual ACM-SIAM Symposium
               on Discrete Algorithms, SODA 2012, Kyoto, Japan, January
               17-19, 2012},
  booktitle = {SODA},
  publisher = {SIAM},
  year      = {2012},
  bibsource = {DBLP, http://dblp.uni-trier.de}
}


@article {MR2555343,
    AUTHOR = {Faenza, Yuri and Kaibel, Volker},
     TITLE = {Extended formulations for packing and partitioning orbitopes},
   JOURNAL = {Math. Oper. Res.},
  FJOURNAL = {Mathematics of Operations Research},
    VOLUME = {34},
      YEAR = {2009},
    NUMBER = {3},
     PAGES = {686--697},
      ISSN = {0364-765X},
   MRCLASS = {90C10 (52B15 90C27)},
  MRNUMBER = {2555343 (2010j:90083)},
MRREVIEWER = {Masataka Nakamura},
       DOI = {10.1287/moor.1090.0392},
       URL = {http://dx.doi.org/10.1287/moor.1090.0392},
}
		
@article {MR3022143,
    AUTHOR = {Kaibel, Volker and Pashkovich, Kanstantsin and Theis, Dirk
              Oliver},
     TITLE = {Symmetry matters for sizes of extended formulations},
   JOURNAL = {SIAM J. Discrete Math.},
  FJOURNAL = {SIAM Journal on Discrete Mathematics},
    VOLUME = {26},
      YEAR = {2012},
    NUMBER = {3},
     PAGES = {1361--1382},
      ISSN = {0895-4801},
     CODEN = {SJDMEC},
   MRCLASS = {90C10 (52B12 90C57)},
  MRNUMBER = {3022143},
       DOI = {10.1137/110839813},
       URL = {http://dx.doi.org/10.1137/110839813},
}

@article {MR2386161,
    AUTHOR = {Kaibel, Volker and Pfetsch, Marc},
     TITLE = {Packing and partitioning orbitopes},
   JOURNAL = {Math. Program.},
  FJOURNAL = {Mathematical Programming. A Publication of the Mathematical
              Programming Society},
    VOLUME = {114},
      YEAR = {2008},
    NUMBER = {1, Ser. A},
     PAGES = {1--36},
      ISSN = {0025-5610},
   MRCLASS = {90C10 (52B12 90C57)},
  MRNUMBER = {2386161 (2010b:90066)},
       DOI = {10.1007/s10107-006-0081-5},
       URL = {http://dx.doi.org/10.1007/s10107-006-0081-5},
}
		



@inproceedings{barak2012hypercontractivity,
  title={Hypercontractivity, sum-of-squares proofs, and their applications},
  author={Barak, Boaz and Brand{\~a}o, Fernando GSL and Harrow, Aram W and Kelner, Jonathan and Steurer, David and Zhou, Yuan},
  booktitle={Proceedings of the 44th symposium on Theory of Computing},
  pages={307--326},
  year={2012},
  organization={ACM}
}



@inproceedings{khot2005unique,
  title={On the unique games conjecture},
  author={Khot, Subhash and Vishnoi, Nisheeth K},
  booktitle={ANNUAL SYMPOSIUM ON FOUNDATIONS OF COMPUTER SCIENCE},
  volume={46},
  pages={3},
  year={2005},
  organization={IEEE COMPUTER SOCIETY PRESS}
}


@article {MR1997246,
    AUTHOR = {Laurent, Monique},
     TITLE = {A comparison of the {S}herali-{A}dams, {L}ov\'asz-{S}chrijver,
              and {L}asserre relaxations for 0-1 programming},
   JOURNAL = {Math. Oper. Res.},
  FJOURNAL = {Mathematics of Operations Research},
    VOLUME = {28},
      YEAR = {2003},
    NUMBER = {3},
     PAGES = {470--496},
      ISSN = {0364-765X},
   MRCLASS = {90C22 (90C09 90C27)},
  MRNUMBER = {1997246 (2004e:90073)},
MRREVIEWER = {Alexander I. Barvinok},
       DOI = {10.1287/moor.28.3.470.16391},
       URL = {http://dx.doi.org/10.1287/moor.28.3.470.16391},
}
		

@incollection{singh2010improving,
  title={Improving integrality gaps via Chv{\'a}tal-Gomory rounding},
  author={Singh, Mohit and Talwar, Kunal},
  booktitle={Approximation, Randomization, and Combinatorial Optimization. Algorithms and Techniques},
  pages={366--379},
  year={2010},
  publisher={Springer}
}



@incollection{kaibel2010symmetry,
  title={Symmetry matters for the sizes of extended formulations},
  author={Kaibel, Volker and Pashkovich, Kanstantsin and Theis, Dirk Oliver},
  booktitle={Integer programming and combinatorial optimization},
  pages={135--148},
  year={2010},
  publisher={Springer}
}


@incollection{rothvoss20130,
  title={0/1 polytopes with quadratic Chv{\'a}tal rank},
  author={Rothvo{\ss}, Thomas and Sanit{\'a}, Laura},
  booktitle={Integer Programming and Combinatorial Optimization},
  pages={349--361},
  year={2013},
  publisher={Springer}
}


@article{stephen1999representation,
  title={On a representation of the matching polytope via semidefinite liftings},
  author={Stephen, Tamon and Tuncel, Levent},
  journal={Mathematics of Operations Research},
  volume={24},
  number={1},
  pages={1--7},
  year={1999},
  publisher={INFORMS}
}


@incollection{singh2010improving,
  title={Improving integrality gaps via Chv{\'a}tal-Gomory rounding},
  author={Singh, Mohit and Talwar, Kunal},
  booktitle={Approximation, Randomization, and Combinatorial Optimization. Algorithms and Techniques},
  pages={366--379},
  year={2010},
  publisher={Springer}
}


@article {MR1687331,
    AUTHOR = {H{\aa}stad, Johan},
     TITLE = {Clique is hard to approximate within {$n^{1-\epsilon}$}},
   JOURNAL = {Acta Math.},
  FJOURNAL = {Acta Mathematica},
    VOLUME = {182},
      YEAR = {1999},
    NUMBER = {1},
     PAGES = {105--142},
      ISSN = {0001-5962},
     CODEN = {ACMAA8},
   MRCLASS = {68Q17},
  MRNUMBER = {1687331 (2000j:68062)},
MRREVIEWER = {Frederic Green},
       DOI = {10.1007/BF02392825},
       URL = {http://dx.doi.org/10.1007/BF02392825},
}
		

@article {MR1319053,
    AUTHOR = {Khachiyan, Leonid},
     TITLE = {On the complexity of approximating extremal determinants in
              matrices},
   JOURNAL = {J. Complexity},
  FJOURNAL = {Journal of Complexity},
    VOLUME = {11},
      YEAR = {1995},
    NUMBER = {1},
     PAGES = {138--153},
      ISSN = {0885-064X},
   MRCLASS = {65F40 (15A15 65Y20 68Q25 90C60)},
  MRNUMBER = {1319053 (96c:65077)},
MRREVIEWER = {Shinji Mizuno},
       DOI = {10.1006/jcom.1995.1005},
       URL = {http://dx.doi.org/10.1006/jcom.1995.1005},
}



@article {MR2205290,
    AUTHOR = {Lov{\'a}sz, L{\'a}szl{\'o} and Vempala, Santosh},
     TITLE = {Simulated annealing in convex bodies and an {$O^*(n^4)$}
              volume algorithm},
  JOURNAL = {Journal of Computer and System Sciences},
    VOLUME = {72},
      YEAR = {2006},
    NUMBER = {2},
     PAGES = {392--417},
      ISSN = {0022-0000},
     CODEN = {JCSSBM},
   MRCLASS = {68U05 (52A20 60C05 68W20)},
  MRNUMBER = {2205290 (2007b:68187)},
MRREVIEWER = {Carla Peri},
       DOI = {10.1016/j.jcss.2005.08.004},
       URL = {http://dx.doi.org/10.1016/j.jcss.2005.08.004},
}
		

@article{mansour1991lower,
  title={A lower bound for integer greatest common divisor computations},
  author={Mansour, Yishay and Schieber, Baruch and Tiwari, Prasoon},
  journal={Journal of the ACM (JACM)},
  volume={38},
  number={2},
  pages={453--471},
  year={1991},
  publisher={ACM}
}

@article{goldfarb1990efficient,
  title={Efficient shortest path simplex algorithms},
  author={Goldfarb, Donald and Hao, Jianxiu and Kai, Sheng-Roan},
  journal={Operations Research},
  volume={38},
  number={4},
  pages={624--628},
  year={1990},
  publisher={INFORMS}
}


@article{ahuja1992scaling,
  title={The scaling network simplex algorithm},
  author={Ahuja, Ravindra K and Orlin, James B},
  journal={Operations Research},
  volume={40},
  number={1-supplement-1},
  pages={S5--S13},
  year={1992},
  publisher={INFORMS}
}


@incollection{brunsch2013finding,
  title={Finding short paths on polytopes by the shadow vertex algorithm},
  author={Brunsch, Tobias and R{\"o}glin, Heiko},
  booktitle={Automata, Languages, and Programming},
  pages={279--290},
  year={2013},
  publisher={Springer}
}


@incollection{friedmann2011subexponential,
  title={A subexponential lower bound for {Z}adeh's pivoting rule for solving linear programs and games},
  author={Friedmann, Oliver},
  booktitle={Integer Programming and Combinatoral Optimization},
  pages={192--206},
  year={2011},
  publisher={Springer}
}


@article{gartner2007two,
  title={Two new bounds for the random-edge simplex-algorithm},
  author={G{\"a}rtner, Bernd and Kaibel, Volker},
  journal={SIAM Journal on Discrete Mathematics},
  volume={21},
  number={1},
  pages={178--190},
  year={2007},
  publisher={SIAM}
}


@article{todd2014improved,
  title={An improved Kalai-Kleitman bound for the diameter of a polyhedron},
  author={Todd, Michael J},
  journal={arXiv preprint arXiv:1402.3579},
  year={2014}
}



@article{santos2013recent,
  title={Recent progress on the combinatorial diameter of polytopes and simplicial complexes},
  author={Santos, Francisco},
  journal={Top},
  volume={21},
  number={3},
  pages={426--460},
  year={2013},
  publisher={Springer Berlin Heidelberg}
}


@book{heller1956linear,
  title={On linear systems with integral valued solutions},
  author={Heller, Isidor and others},
  year={1956},
  publisher={George Washington University, Logistics Research Project}
}


@article{anstee1990forbidden,
  title={Forbidden configurations, discrepancy and determinants},
  author={Anstee, RP},
  journal={European Journal of Combinatorics},
  volume={11},
  number={1},
  pages={15--19},
  year={1990},
  publisher={Elsevier}
}


@article{lee1990incidence,
  title={The incidence structure of subspaces with well-scaled frames},
  author={Lee, Jon},
  journal={Journal of Combinatorial Theory, Series B},
  volume={50},
  number={2},
  pages={265--287},
  year={1990},
  publisher={Elsevier}
}


@article{eisenbrand2014geometric,
  title={Geometric Random Edge},
  author={Eisenbrand, Friedrich and Vempala, Santosh},
  journal={arXiv preprint arXiv:1404.1568},
  year={2014}
}



@article{dyer1991computing,
  title={Computing the volume of convex bodies: {A} case where randomness provably helps},
  author={Dyer, Martin and Frieze, Alan},
  journal={Probabilistic combinatorics and its applications},
  volume={44},
  pages={123--70},
  year={1991},
  publisher={Proceedings of Symposia in Applied Mathematics}
}



@article{sinclair1989approximate,
  title={Approximate counting, uniform generation and rapidly mixing {M}arkov chains},
  author={Sinclair, Alistair and Jerrum, Mark},
  journal={Information and Computation},
  volume={82},
  number={1},
  pages={93--133},
  year={1989},
  publisher={Elsevier}
}


@article{todd1974generalized,
  title={A generalized complementary pivoting algorithm},
  author={Todd, Michael J},
  journal={Mathematical Programming},
  volume={6},
  number={1},
  pages={243--263},
  year={1974},
  publisher={Springer}
}


@article {MR0467530,
    AUTHOR = {Adler, Ilan},
     TITLE = {Lower bounds for maximum diameters of polytopes},
      NOTE = {Pivoting and extensions},
    JOURNAL = {Mathematical Programming Study},
    NUMBER = {1},
      YEAR = {1974},
     PAGES = {11--19},
      ISSN = {0303-3929},
   MRCLASS = {52A25},
  MRNUMBER = {0467530 (57 \#7386)},
MRREVIEWER = {D. Barnette},
}


@article{chang2006new,
  title={A new growing method for simplex-based endmember extraction algorithm},
  author={Chang, Chein-I and Wu, Chao-Cheng and Liu, Wei-min and Ouyang, Yen-Chieh},
  journal={Geoscience and Remote Sensing, IEEE Transactions on},
  volume={44},
  number={10},
  pages={2804--2819},
  year={2006},
  publisher={IEEE}
}


@article{hochbaum1990convex,
  title={Convex separable optimization is not much harder than linear optimization},
  author={Hochbaum, Dorit S and Shanthikumar, J George},
  journal={Journal of the ACM (JACM)},
  volume={37},
  number={4},
  pages={843--862},
  year={1990},
  publisher={ACM}
}



@inproceedings{rothvoss2013approximating,
  title={Approximating Bin Packing within O (log OPT* log log OPT) bins},
  author={Rothvo{\ss}, Thomas},
  booktitle={Foundations of Computer Science (FOCS), 2013 IEEE 54th Annual Symposium on},
  pages={20--29},
  year={2013},
  organization={IEEE}
}


@article{matouvsek2013determinant,
  title={The determinant bound for discrepancy is almost tight},
  author={Matou{\v{s}}ek, Ji{\v{r}}{\'\i}},
  journal={Proceedings of the American Mathematical Society},
  volume={141},
  number={2},
  pages={451--460},
  year={2013}
}


@article{lovasz1986discrepancy,
  title={Discrepancy of set-systems and matrices},
  author={Lov{\'a}sz, L and Spencer, J and Vesztergombi, K},
  journal={European Journal of Combinatorics},
  volume={7},
  number={2},
  pages={151--160},
  year={1986},
  publisher={Elsevier}
}


@inproceedings{bansal2010constructive,
  title={Constructive algorithms for discrepancy minimization},
  author={Bansal, Nikhil},
  booktitle={Foundations of Computer Science (FOCS), 2010 51st Annual IEEE Symposium on},
  pages={3--10},
  year={2010},
  organization={IEEE}
}


@article{spencer1985six,
  title={Six standard deviations suffice},
  author={Spencer, Joel},
  journal={Transactions of the American Mathematical Society},
  volume={289},
  number={2},
  pages={679--706},
  year={1985}
}


@inproceedings{nikolov2013geometry,
  title={The geometry of differential privacy: the sparse and approximate cases},
  author={Nikolov, Aleksandar and Talwar, Kunal and Zhang, Li},
  booktitle={Proceedings of the 45th annual ACM symposium on Symposium on theory of computing},
  pages={351--360},
  year={2013},
  organization={ACM}
}


@article{nikolov2013approximating,
  title={Approximating Hereditary Discrepancy via Small Width Ellipsoids},
  author={Nikolov, Aleksandar and Talwar, Kunal},
  journal={arXiv preprint arXiv:1311.6204},
  year={2013}
}

@article{lovasz2006hit,
  title={Hit-and-run from a corner},
  author={Lov{\'a}sz, L{\'a}szl{\'o} and Vempala, Santosh},
  journal={SIAM Journal on Computing},
  volume={35},
  number={4},
  pages={985--1005},
  year={2006},
  publisher={SIAM}
}



@article{jerrum1989approximating,
  title={Approximating the permanent},
  author={Jerrum, Mark and Sinclair, Alistair},
  journal={SIAM journal on computing},
  volume={18},
  number={6},
  pages={1149--1178},
  year={1989},
  publisher={SIAM}
}


@article{skutella2001convex,
  title={Convex quadratic and semidefinite programming relaxations in scheduling},
  author={Skutella, Martin},
  journal={Journal of the ACM (JACM)},
  volume={48},
  number={2},
  pages={206--242},
  year={2001},
  publisher={ACM}
}





@Misc{matouvsekEmbeddings,
  author={Matou{\v{s}}ek, Ji{\v{r}}{\'\i}},
  title = 	 {Lecture notes on metric embeddings},
  year = {2013},
  howpublished = {{\tt kam.mff.cuni.cz/\~matousek/ba-a4.pdf}}}

@article{frechet1910dimensions,
  title={Les dimensions d'un ensemble abstrait},
  author={Fr{\'e}chet, Maurice},
  journal={Mathematische Annalen},
  volume={68},
  number={2},
  pages={145--168},
  year={1910},
  publisher={Springer}
}


@article{schoenberg1938metricI,
  title={Metric spaces and completely monotone functions},
  author={Schoenberg, Isaac J},
  journal={Annals of Mathematics},
  pages={811--841},
  year={1938},
  publisher={JSTOR}
}


@article{schoenberg1938metricII,
  title={Metric spaces and positive definite functions},
  author={Schoenberg, Isaac J},
  journal={Transactions of the American Mathematical Society},
  volume={44},
  number={3},
  pages={522--536},
  year={1938},
  publisher={JSTOR}
}


@article{dor1976potentials,
  title={Potentials and isometric embeddings in L 1},
  author={Dor, Leonard E},
  journal={Israel Journal of Mathematics},
  volume={24},
  number={3},
  pages={260--268},
  year={1976},
  publisher={Springer}
}

@inproceedings{lv2004image,
  title={Image similarity search with compact data structures},
  author={Lv, Qin and Charikar, Moses and Li, Kai},
  booktitle={Proceedings of the thirteenth ACM international conference on Information and knowledge management},
  pages={208--217},
  year={2004},
  organization={ACM}
}

@book{blumenthal1953theory,
  title={Theory and applications of distance geometry},
  author={Blumenthal, Leonard Mascot},
  volume={347},
  year={1953},
  publisher={Oxford}
}

@inproceedings{charikar2002similarity,
  title={Similarity estimation techniques from rounding algorithms},
  author={Charikar, Moses S},
  booktitle={Proceedings of the thiry-fourth annual ACM symposium on Theory of computing},
  pages={380--388},
  year={2002},
  organization={ACM}
}


@article{dhillon2001concept,
  title={Concept decompositions for large sparse text data using clustering},
  author={Dhillon, Inderjit S and Modha, Dharmendra S},
  journal={Machine learning},
  volume={42},
  number={1-2},
  pages={143--175},
  year={2001},
  publisher={Springer}
}


@article{salton1986introduction,
  title={Introduction to modern information retrieval},
  author={Salton, Gerard and McGill, Michael J},
  year={1986},
  publisher={McGraw-Hill, Inc.}
}


@article{gower1986metric,
  title={Metric and Euclidean properties of dissimilarity coefficients},
  author={Gower, John C and Legendre, Pierre},
  journal={Journal of classification},
  volume={3},
  number={1},
  pages={5--48},
  year={1986},
  publisher={Springer}
}

@book{Pekalska:2005:DRP:1197035,
 author = {Pekalska, Elzbieta and Duin, Robert P. W.},
 title = {The Dissimilarity Representation for Pattern Recognition: Foundations And Applications (Machine Perception and Artificial Intelligence)},
 year = {2005},
 isbn = {9812565302},
 publisher = {World Scientific Publishing Co., Inc.},
 address = {River Edge, NJ, USA},
} 



@article{raghavan1987randomized,
  title={Randomized rounding: a technique for provably good algorithms and algorithmic proofs},
  author={Raghavan, Prabhakar and Tompson, Clark D},
  journal={Combinatorica},
  volume={7},
  number={4},
  pages={365--374},
  year={1987},
  publisher={Springer}
}


@article{kozlov1980polynomial,
  title={The polynomial solvability of convex quadratic programming},
  author={Kozlov, Mikhail K and Tarasov, Sergei P and Khachiyan, Leonid G},
  journal={USSR Computational Mathematics and Mathematical Physics},
  volume={20},
  number={5},
  pages={223--228},
  year={1980},
  publisher={Elsevier}
}
@inproceedings{borodin2012max,
  title={Max-sum diversification, monotone submodular functions and dynamic updates},
  author={Borodin, Allan and Lee, Hyun Chul and Ye, Yuli},
  booktitle={Proceedings of the 31st symposium on Principles of Database Systems},
  pages={155--166},
  year={2012},
  organization={ACM}
}


@article{alon2011inapproximability,
  title={Inapproximability of densest $\kappa$-subgraph from average case hardness},
  author={Alon, Noga and Arora, Sanjeev and Manokaran, Rajsekar and Moshkovitz, Dana and Weinstein, Omri},
  journal={Unpublished manuscript},
  year={2011}
}
@article{birnbaum2009improved,
  title={An improved analysis for a greedy remote-clique algorithm using factor-revealing LPs},
  author={Birnbaum, Benjamin and Goldman, Kenneth J},
  journal={Algorithmica},
  volume={55},
  number={1},
  pages={42--59},
  year={2009},
  publisher={Springer}
}

@article{hassin1997approximation,
  title={Approximation algorithms for maximum dispersion},
  author={Hassin, Refael and Rubinstein, Shlomi and Tamir, Arie},
  journal={Operations research letters},
  volume={21},
  number={3},
  pages={133--137},
  year={1997},
  publisher={Elsevier}
}

@article{ravi1994heuristic,
  title={Heuristic and special case algorithms for dispersion problems},
  author={Ravi, Sekharipuram S and Rosenkrantz, Daniel J and Tayi, Giri Kumar},
  journal={Operations Research},
  volume={42},
  number={2},
  pages={299--310},
  year={1994},
  publisher={INFORMS}
}


@article{deza1990metric,
  title={Metric transforms and Euclidean embeddings},
  author={Deza, M and Maehara, H},
  journal={Transactions of the American Mathematical Society},
  volume={317},
  number={2},
  pages={661--671},
  year={1990}
}




@article{bobkov1997isoperimetric,
  title={Isoperimetric constants for product probability measures},
  author={Bobkov, Sergey G and Houdr{\'e}, Christian},
  journal={The Annals of Probability},
  pages={184--205},
  year={1997},
  publisher={JSTOR}
}


@article{bobkov1999isoperimetric,
  title={Isoperimetric and analytic inequalities for log-concave probability measures},
  author={Bobkov, Sergey G and others},
  journal={The Annals of Probability},
  volume={27},
  number={4},
  pages={1903--1921},
  year={1999},
  publisher={Institute of Mathematical Statistics}
}


@inproceedings{DBLP:conf/compgeom/DadushH15,
  author    = {Daniel Dadush and
               Nicolai H{\"{a}}hnle},
  title     = {On the Shadow Simplex Method for Curved Polyhedra},
  booktitle = {31st International Symposium on Computational Geometry, SoCG 2015,
               June 22-25, 2015, Eindhoven, The Netherlands},
  pages     = {345--359},
  year      = {2015},
  crossref  = {DBLP:conf/compgeom/2015},
  url       = {http://dx.doi.org/10.4230/LIPIcs.SOCG.2015.345},
  doi       = {10.4230/LIPIcs.SOCG.2015.345},
  timestamp = {Mon, 15 Jun 2015 17:02:26 +0200},
  biburl    = {http://dblp.uni-trier.de/rec/bib/conf/compgeom/DadushH15},
  bibsource = {dblp computer science bibliography, http://dblp.org}
}



@inproceedings{brunsch2015solving,
  title={Solving Totally Unimodular LPs with the Shadow Vertex Algorithm},
  author={Brunsch, Tobias and Gro{\ss}wendt, Anna and R{\"o}glin, Heiko},
  booktitle={32nd International Symposium on Theoretical Aspects of Computer Science},
  pages={171},
  year={2015}
}